2746 4108
736 152 766 165 Ἀ

559 207 635 263 cnP.
650 207 708 261 VH.
1096 209 1136 272 19

125 363 154 416 te
178 364 225 417 est
248 373 335 416 omne
354 355 534 416 desiderium
553 351 673 417 meum'
710 355 878 416 Cavendum
897 375 968 435 ergo
986 357 1053 417 ideo
1074 375 1134 419 ma·
1149 372 1176 413 aa

124 444 185 506 lum
210 445 405 524 desiderium,
429 447 497 522 qnia
520 463 601 505 mors
624 441 728 506 *secus
753 447 908 506 introitum
931 445 1135 508 delectationis

124 535 221 612 posita
245 541 303 614 est,
326 533 405 594 unde
429 533 582 612 Scriptura
604 536 750 614 praecipit
773 533 889 595 diceus:
918 530 1004 596 ‘Post
1027 553 1134 596 concu-

116 624 286 712 piscentias
307 629 373 682 tuas
396 640 456 682 nou
479 617 549 682 eas'

2 707 20 750 ³
190 711 268 790 Ergo
293 713 319 771 si
342 705 432 771 ‘oculi
450 709 569 772 Domini
591 711 782 791 speculantur
804 710 898 772 bonos
918 719 949 772 et
966 708 1081 793 malos’,
1104 720 1134 773 et

123 799 267 860 Dominus
295 799 332 860 de
360 799 441 860 caelo
470 817 588 880 semper
613 803 736 879 respicit
759 819 849 880 super
871 800 948 860 filios
971 801 1134 883 bominum,
1148 818 1175 856 ao

124 896 156 949 ut
179 889 285 969 videat,
310 891 336 948 si
359 895 404 949 est
427 887 601 966 intellegens
624 895 674 950 aut
696 891 853 968 requirens
875 887 978 970 Deum,
1000 897 1030 950 et
1053 893 1079 950 si
1097 890 1133 950 ab

4 979 20 1004 ’⁸
123 977 236 1057 angelis
265 977 352 1038 nobis
380 977 527 1055 deputatis
551 976 659 1038 cotidie
683 977 731 1038 die
756 986 903 1057 noctuque
926 978 1050 1039 Domino
1075 979 1133 1040 lac-

122 1070 181 1127 tori
204 1074 307 1127 noslro
331 1084 420 1145 opera
440 1072 542 1126 nostra
562 1068 735 1126 nuntiantur
754 1100 796 1110 —
817 1067 978 1128 cavendum
997 1074 1132 1146 astorgo

123 1158 204 1216 omni
227 1155 309 1236 bora,
331 1155 447 1234 fratres,
470 1157 548 1215 sicut
571 1154 643 1215 dicit
665 1157 697 1214 in
714 1155 827 1234 psalmo
846 1156 999 1236 propheta,
1022 1175 1132 1217 nenos

122 1244 307 1306 declinantes
331 1245 362 1303 in
385 1243 462 1304 malo
485 1252 515 1303 et
538 1243 659 1304 inutiles
682 1244 774 1304 laotos
798 1243 895 1324 aliqua
918 1244 990 1306 hora
1009 1248 1132 1325 aspiciat
1146 1261 1172 1301 aa

120 1333 209 1414 Deus,
232 1340 263 1393 et
284 1333 432 1411 parcendo
455 1332 542 1392 nobis
560 1334 592 1392 iu
614 1332 671 1392 hoc
693 1339 837 1413 tempore,
860 1336 929 1412 quia
952 1336 1020 1412 pius
1039 1343 1085 1395 est
1103 1342 1133 1396 et

120 1430 272 1502 exspectat
302 1439 357 1482 nos
389 1424 521 1482 converti
550 1423 582 1481 iu
610 1420 716 1482 melius
745 1455 787 1463 —
815 1439 852 1482 ne
881 1421 959 1482 dicat
986 1422 1073 1484 nobis
1090 1425 1132 1484 in

120 1511 234 1573 futuro:
259 1506 349 1570 ‘Haec
372 1510 477 1590 fecisti,
501 1517 531 1570 et
553 1504 653 1570 tacui'

187 1599 373 1660 Secundus
406 1598 624 1660 humilitatis
661 1598 791 1676 gradus
825 1605 883 1680 est,
922 1601 948 1659 si
979 1602 1130 1679 propriam

121 1692 187 1768 quis
215 1707 275 1750 non
303 1705 404 1748 amans
431 1687 612 1748 voluntatem
637 1687 783 1748 desideria
808 1706 860 1748 sua
884 1705 944 1748 non
967 1687 1130 1750 delectetur
1145 1706 1171 1744 ao

119 1777 243 1857 implere
272 1776 324 1836 sed
351 1795 453 1837 vocem
481 1775 561 1836 illam
584 1775 702 1836 Domini
726 1777 811 1837 lactis
834 1778 968 1837 imitetur
991 1777 1130 1838 dicentis:

121 1863 197 1928 ‘Nou
218 1868 286 1927 veni
304 1865 402 1926 lacere
421 1864 601 1926 voluntatem
620 1883 716 1926 meam
735 1864 787 1926 sed
807 1868 871 1926 eius
891 1868 943 1944 qui
960 1884 1008 1926 me
1027 1861 1129 1926 misit?

119 1954 192 2016 ltem
212 1954 284 2015 dicit
299 1953 465 2033 Scriptura:
489 1948 640 2033 ‘Voluptas
659 1953 748 2014 habet
766 1972 900 2035 poenam,
920 1961 949 2014 et
967 1957 1130 2015 necessitas

12 2107 17 2116 ,
120 2047 198 2124 parit
221 2037 380 2104 coronam?

207 2133 353 2194 Tertius
377 2130 596 2192 humilitatis
620 2131 750 2210 gradus
774 2139 828 2212 est,
851 2139 884 2192 ut
907 2133 974 2210 quis
997 2149 1051 2210 pro
1075 2130 1169 2192 Deire

119 2240 217 2282 amore
245 2223 326 2282 omni
354 2220 542 2282 oboedientia
571 2239 603 2281 se
631 2219 738 2281 subdat
760 2222 865 2280 maiori
888 2221 1008 2280 imitans
1030 2219 1129 2280 Domi·

119 2329 190 2372 num
210 2311 246 2370 de
266 2329 324 2389 quo
344 2310 416 2370 dicit
434 2308 598 2388 apostolus:
621 2306 739 2370 ‘Factus
759 2308 920 2370 oboediens
939 2311 1129 2390 patriusque

120 2400 154 2460 ad
177 2394 331 2460 mortem?

184 2488 340 2560 Quartus
368 2486 588 2548 humilitatis
611 2485 742 2565 gradus
766 2493 824 2567 est,
849 2488 875 2546 si
898 2489 930 2547 in
953 2489 1017 2566 ipsa
1040 2487 1126 2547 oboe-

40 2643 42 2646 ,
118 2577 227 2638 dientia
246 2577 329 2637 duris
348 2583 378 2636 et
396 2578 554 2637 contrariis
573 2575 663 2636 rebus
681 2575 727 2635 vel
745 2578 833 2636 etiam
849 2575 1030 2655 quibuslibet
1048 2578 1126 2636 inro-
1142 2591 1168 2629 80

1 2739 3 2744 y
117 2669 192 2745 gatis
216 2667 334 2726 iniuriis
359 2667 448 2726 tacite
472 2666 684 2726 conscientiam
707 2664 902 2743 amplectatur
925 2671 955 2724 et
978 2667 1129 2726 sustinens

116 2773 176 2816 non
203 2755 344 2816 lassescat
371 2753 417 2814 vel
440 2753 572 2814 discedat
595 2754 712 2814 dicente
736 2753 902 2833 Scriptura:
931 2747 1005 2823 ‘Qui
1027 2772 1128 2833 perse-

116 2846 262 2905 veraverit
284 2861 379 2922 usque
402 2845 433 2903 iu
457 2843 556 2922 finem,
578 2842 627 2902 bic
651 2840 748 2902 salvus
772 2838 855 2923 erit';
884 2844 970 2902 item:
994 2838 1127 2903 ‘Conlor-

115 2983 327 2994 -.-...---

187 3075 221 3124 55
241 3070 285 3122 est
299 3082 364 3137 ergo
381 3067 422 3120 To
476 3072 511 3120 66
528 3065 760 3122 dilectationisO
814 3073 847 3122 57
861 3064 1042 3136 praecepitS
1093 3070 1127 3118 60

1 3199 3 3204 ‚
114 3139 237 3211 respexit
262 3139 287 3192 T
364 3143 397 3192 62
416 3137 518 3191 factori
544 3140 640 3192 nostro
662 3139 761 3206 scripsi
778 3154 839 3192 cum
860 3138 954 3193 0ST¹
989 3135 1128 3189 factorum

113 3215 273 3266 nostrorum
293 3210 319 3264 T
377 3215 411 3264 63
429 3211 526 3262 nostra
544 3225 594 3264 om.
616 3209 642 3262 T
703 3214 736 3262 65
755 3207 785 3260 in
803 3207 955 3262 malumst
1013 3213 1045 3260 71
1065 3205 1127 3259 imi-

115 3285 192 3337 tatur
212 3282 248 3337 01
339 3286 372 3334 73
391 3279 521 3350 voluptas
539 3279 683 3346 SKeroT,
707 3280 805 3334 Passio
823 3279 850 3333 S.
869 3280 963 3333 Ireoes
997 3277 1127 3331 voluntas

117 3353 167 3410 OS
256 3357 289 3407 76
309 3352 392 3406 deum
418 3351 441 3406 0
530 3356 562 3403 77
582 3349 658 3419 patri
681 3349 704 3404 0
728 3351 760 3404 io
777 3349 800 3404 S
819 3366 920 3404 rosano
942 3349 1061 3418 potoque
1084 3349 1127 3403 la‘t-

114 3432 235 3479 terarum
262 3439 312 3478 ooo.
334 3424 359 3476 Τ
430 3428 463 3476 81
483 3420 620 3475 taceteO
654 3420 744 3474 tacita
762 3420 815 3475 ST
884 3419 1128 3474 conscientiamO

1 3499 3 3513 '
116 3494 286 3550 conscientia
309 3493 478 3564 patientiam
496 3492 549 3548 ST
573 3493 630 3548 olm
652 3491 724 3562 quod
746 3494 804 3561 pat.
827 3493 859 3546 a'o
877 3491 899 3546 S
920 3508 1027 3547 masam
1099 3494 1128 3546 et

116 3581 166 3619 om.
187 3565 210 3619 0
281 3571 315 3620 82
333 3563 494 3619 lasiscatO
529 3563 651 3618 lacescat
671 3562 707 3618 0ι

930 3652 965 3706 2*
