2746 4108
512 221 725 285 rssnrsrro.
1079 212 1124 285 'nr

38 397 39 400 ¹
111 370 292 460 67-’-ῖὸ*).
329 377 413 450 Quod
436 380 586 439 neminem
605 378 699 440 adbuc
718 379 959 440 animadvertisse
979 382 1036 442 etsi
1055 382 1120 440 iure

109 467 244 546 mireris,
278 465 344 527 luce
376 473 475 526 tamen
508 466 616 528 clarius
646 476 699 528 est.
737 465 858 528 Scilicet
888 467 978 528 finem
1009 468 1121 530 fecerat

110 553 290 616 Benedictus
314 561 399 615 antea
421 557 453 614 in
476 573 538 634 cap.
558 553 614 636 66,
638 555 716 634 quod
739 561 786 616 est
808 555 844 616 de
875 557 1018 637 ostiariis,
1046 559 1120 618 scite

38 661 40 664 ·
109 642 282 724 admodum,
305 645 391 722 quasi
413 643 565 704 dimittens
587 644 730 706 lectorem
752 650 813 705 tota
835 653 997 705 monstrata
1018 663 1120 706 mona·

39 745 43 760 ⁴
112 733 197 792 sterii
220 733 414 793 institutione.
443 732 563 792 Addidit
581 732 688 794 deinde
711 731 813 794 verba:
836 727 927 794 ‘banc
951 740 1049 795 autem
1072 739 1132 795 re·'

109 819 209 900 gulam
241 823 358 900 saepius
391 819 526 882 volumus
558 823 590 882 in
622 823 848 900 congregatione
880 822 952 904 legi,
983 841 1021 883 ne
1052 825 1119 902 quis

110 909 237 970 fratrum
270 927 301 970 se
334 910 370 970 de
402 911 568 988 ignorantia
600 906 745 972 excuset’.
782 909 860 971 llaec
887 911 1030 972 hactenus
1061 911 1119 972 ille.

38 1067 39 1070 Ἴ
111 997 231 1076 Aliquot
249 1000 334 1058 annis
353 1005 535 1077 postrorum
553 1017 610 1059 usn
627 999 749 1060 edoctus
763 999 837 1059 vidit
851 999 991 1061 nonnulla
1010 1001 1119 1061 omissa

110 1105 177 1148 esse
206 1088 238 1146 in
266 1085 390 1167 Regula,
418 1093 448 1148 et
475 1105 543 1148 cum
569 1095 661 1148 totam
687 1095 848 1149 retractare
878 1087 982 1170 nollet,
1010 1107 1119 1168 appen-

111 1175 210 1238 dicem
228 1175 347 1236 addidit.
384 1174 459 1236 Cum
477 1179 595 1256 copiose
615 1176 739 1238 dixisset
757 1195 818 1256 cap.
834 1173 855 1238 5
873 1177 909 1238 de
933 1177 1120 1238 oboedientia

38 1323 40 1336 ‚
109 1263 317 1342 superioribus
345 1263 522 1346 exhibenda,
555 1283 616 1344 cap.
638 1261 678 1325 tl
707 1283 800 1344 pauca
830 1265 964 1327 adiunxit
994 1283 1119 1328 monens

38 1381 40 1424 2
109 1352 217 1412 fratres
237 1371 353 1432 quoque
373 1352 431 1413 sibi
448 1355 575 1414 invicem
593 1359 744 1432 praestare
763 1353 871 1414 debere
890 1353 1119 1416 oboedientiam.

38 1507 39 1512 .
112 1439 188 1502 Cum
211 1460 272 1520 cap.
298 1441 319 1501 4
349 1449 486 1520 negasset
513 1441 608 1503 zelum
631 1440 798 1502 habendum
827 1460 906 1524 esse,
933 1462 995 1522 cap.
1015 1441 1057 1505 72
1081 1443 1118 1504 de

38 1547 40 1610 j.
109 1528 173 1589 zelo
202 1525 280 1590 bono
310 1529 400 1590 verba
429 1531 512 1612 fecit;
545 1549 678 1610 quaeque
706 1549 768 1610 cap.
793 1527 834 1592 51
863 1541 1054 1610 praeceperat
1082 1532 1118 1592 de

108 1617 252 1679 fratribds
274 1621 325 1698 qui
343 1637 403 1678 non
421 1617 507 1697 longe
526 1619 764 1700 proficiscuntur,
783 1619 958 1698 supplentur
973 1623 1057 1699 quasi
1071 1623 1118 1702 iis,

109 1725 187 1784 quae
210 1726 272 1786 cap.
291 1705 332 1770 67
357 1707 394 1767 de
422 1706 562 1768 fratribns
589 1710 621 1768 in
648 1710 725 1768 viam
753 1707 874 1768 directis
902 1711 1013 1788 scripta
1041 1717 1118 1770 sunt.

110 1794 186 1854 Nam
209 1797 250 1856 ita
273 1795 410 1856 omnibus
434 1796 495 1856 lere
519 1795 627 1856 accidit
649 1795 748 1875 legum
766 1795 921 1877 latoribus3
946 1815 983 1857 ne
1003 1800 1118 1877 sapien·

38 1883 39 1892 ’
107 1885 220 1944 tissimi
247 1884 367 1964 quidem
395 1886 492 1944 omnia
521 1891 620 1946 mente
653 1892 682 1945 et
712 1887 889 1964 cogitatione
920 1888 1118 1967 prospiciunt3

38 2023 40 2050 ,
108 1971 257 2052 simplicia
275 1972 428 2032 hominum
446 1975 573 2054 ingenia,
587 1992 688 2034 rerum
707 1993 779 2034 usus
793 1971 955 2052 multiplex.
988 1973 1025 2034 Et
1040 1975 1118 2053 quod

108 2059 270 2122 Benedicto
293 2061 413 2142 accidit,
440 2063 472 2121 in
495 2059 561 2122 aliis
585 2081 702 2142 quoque
725 2061 836 2142 regulis
859 2061 1119 2123 monasterialibus

108 2149 220 2208 factum
243 2167 309 2210 esse
332 2149 599 2211 animadvertimus.
636 2151 700 2212 Huc
719 2151 842 2232 accedit,
866 2149 943 2229 quod
966 2153 998 2211 in
1017 2151 1119 2212 codice

38 2287 40 2300 .
108 2237 306 2320 Sangallensi,
339 2256 427 2317 quem
455 2238 567 2318 glossas
591 2239 797 2300 interlineares
825 2239 1021 2301 alamannicas
1050 2258 1120 2300 con·

38 2337 39 2386 3
108 2328 206 2386 tinere
239 2345 328 2406 supra
360 2327 502 2408 diximus,
539 2328 569 2388 id
606 2330 858 2408 interpretationis
891 2346 984 2408 genus
1020 2329 1119 2390 deficit

84 2415 172 2474 ‘lere
195 2415 264 2475 inde
287 2435 304 2476 a
326 2417 421 2495 capite
440 2415 490 2478 67.

167 2502 277 2582 -lpsum
309 2504 461 2566 Benedicti
497 2504 648 2584 exemplar
680 2506 798 2584 saepius
834 2505 1015 2584 descriptum
1053 2523 1119 2566 esse

38 2605 40 2672 g
108 2591 212 2652 multis
244 2595 424 2672 scriptorum
454 2595 633 2654 testimoniis
667 2591 882 2672 comprobatur.
929 2593 1003 2654 Cum
1040 2596 1119 2654 enim

38 2675 40 2748 ξ
107 2679 242 2761 Maurus,
270 2681 423 2743 Benedicti
450 2682 627 2763 discipulus,
660 2684 691 2742 in
718 2681 843 2742 Galliam
869 2671 1118 2764 proficisceretur,

38 2781 39 2810 ³
109 2771 225 2849 accepit
244 2788 260 2828 a
278 2773 428 2850 magistro,
453 2773 529 2832 siout
548 2773 693 2850 scriptum
712 2773 807 2831 estin
826 2770 921 2832 Mauri
938 2772 1006 2850 vita,
1031 2789 1118 2850 quam

109 2859 277 2936 composuit
299 2853 433 2939 Faustus,
462 2855 586 2920 ‘librum
614 2859 756 2940 Regulae,
785 2877 873 2939 quem
901 2862 964 2938 ipse
993 2857 1119 2920 Sanctus

38 2947 39 2980 ³
109 2965 200 3008 manu
224 2963 276 3006 sua
300 2943 483 3024 scripserat’.
529 2947 628 3008 Malim
655 2955 754 3008 tamen
777 2949 850 3010 haec
878 2946 967 3008 verba
989 2946 1026 3008 de
1049 2966 1118 3027 apo·

38 3073 40 3096 r
109 3034 222 3114 grapho
250 3037 453 3115 interpretari,
482 3036 560 3114 quod
588 3036 741 3097 Benedicti
768 3037 969 3116 autographon
996 3037 1027 3096 in
1055 3055 1118 3096 rno-

83 3127 86 3134 '
109 3125 242 3203 nestorio
261 3122 415 3184 Casinensi
438 3131 585 3184 servatum
612 3143 678 3184 esse
706 3133 833 3206 constat,
861 3125 950 3205 idque
973 3125 1119 3207 monachi,

38 3269 39 3296 ,
110 3230 149 3272 ne
173 3231 190 3272 a
213 3210 413 3290 Langobardis
435 3209 628 3292 laceraretur,
651 3212 773 3272 Romam
797 3221 993 3292 asportarunt.
1038 3213 1118 3294 „llu-

38 3313 41 3354 ;
72 3297 75 3300 ’
112 3303 228 3378 gientes
251 3299 388 3362 monachi
410 3299 532 3359 Romam
555 3302 705 3379 petierunt
724 3318 826 3360 secum
844 3301 976 3361 codicem
1000 3311 1118 3364 sanctae

182 3506 206 3576 e)
226 3506 294 3561 Cum
312 3524 371 3576 cap.
388 3513 429 3576 it),
446 3513 478 3560 13
498 3505 633 3560 scriberet
652 3504 744 3570 ‘Quod
761 3504 816 3559 tibi
833 3521 890 3561 non
908 3504 949 3558 vis
967 3505 1038 3574 fieri,
1063 3507 1119 3562 alio

38 3645 39 3652 ἶ
109 3593 146 3630 ne
164 3577 284 3647 feceris’,
302 3577 447 3633 immemor
464 3577 519 3632 fuit
538 3594 566 3632 se
585 3576 643 3630 iem
661 3583 686 3646 4,
697 3583 721 3632 i.
740 3582 781 3646 61,
793 3582 827 3630 29
846 3576 922 3630 idem
940 3575 1091 3647 scripsisse.
