2746 4108
157 193 162 200 ¹
260 235 313 289 ΧΠ
657 234 868 289 sarnanum.

261 384 386 444 formam
408 385 485 462 typis
508 351 796 462 repraesentabimus
815 401 852 443 an
870 379 972 443 illius?
994 381 1031 442 Et
1054 381 1126 443 illud
1147 383 1272 462 quidem

259 471 338 533 haud
361 471 483 532 dubium
506 479 535 532 et
557 471 747 550 praelationis
768 471 963 550 appendicem
986 477 1016 532 et
1034 471 1272 533 additamentum

258 559 386 639 Regulae
411 560 600 621 subiunctum
623 578 682 620 non
704 577 792 639 posse
816 559 852 619 ab
875 559 1004 620 editione
1023 567 1125 620 nostra
1148 559 1272 622 abesse:

259 656 330 710 sunt
351 651 445 730 enim,
471 649 502 709 id
526 648 604 727 quod
628 655 695 708 ante
719 649 816 708 omnia
840 647 1032 728 spectandum
1055 655 1113 729 est,
1141 647 1270 728 abipso
1337 705 1340 742 ,

259 737 420 798 Benedicto
444 739 561 818 scripta.
607 735 704 797 Veluti
726 739 758 796 in
781 737 838 798 line
857 737 1047 816 praefationis
1067 733 1107 799 81
1129 737 1217 798 corda
1237 747 1272 800 et

258 844 383 906 corpora
407 827 511 886 eodem
532 824 620 885 modo
639 827 795 886 coniuncta
812 833 892 906 suut,
915 844 972 905 quo
991 845 1036 905 cp.
1053 824 1081 906 7,
1093 821 1154 886 141
1176 827 1270 888 corde

260 933 450 995 ..corpore3
480 915 569 993 prael.
594 910 638 975 94
666 913 794 974 dictante
827 916 982 993 aequitatis
1015 917 1128 974 ratione
1161 915 1270 976 eodem

259 1004 346 1064 modo
370 1010 402 1063 ut
426 1021 470 1082 cp.
490 1002 520 1083 2,
534 999 578 1064 40
600 1004 713 1064 iustitia
736 1002 877 1084 dictante3
905 1002 995 1082 prael.
1011 996 1059 1086 (b)
1075 1000 1116 1065 81
1141 1021 1269 1083 corpora

259 1092 463 1153 oboedientiae
477 1089 630 1152 militanda
640 1084 708 1174 (pro
719 1085 893 1173 militatura)
905 1091 1007 1151 eadem
1017 1110 1141 1171 prorsus
1150 1095 1269 1154 ratione

259 1187 425 1260 paccatum,
454 1177 647 1260 qua39,10
674 1181 762 1240 tertia
788 1197 857 1259 pars
881 1187 1015 1241 servetur
1042 1180 1182 1241 cenandis
1207 1174 1268 1264 (=

258 1262 431 1351 cenaturis).

347 1356 461 1416 Dixerit
487 1356 611 1417 fortasse
642 1359 788 1436 quispiam
815 1356 937 1416 alteram
965 1375 997 1417 se
1023 1357 1174 1436 praelerre
1202 1359 1268 1419 edi·

260 1447 373 1506 tionem
395 1452 496 1525 utpote
519 1449 613 1524 magis
636 1445 794 1525 expolitam
817 1453 847 1505 et
865 1445 1030 1524 digniorem
1047 1448 1112 1525 ipso
1132 1454 1268 1528 auctore3

260 1552 327 1594 nam
350 1536 382 1594 in
405 1536 579 1594 recensione
602 1533 817 1612 Tegeruseensi
844 1551 904 1594 non
928 1533 1023 1594 solum
1046 1534 1188 1613 quaedam
1215 1536 1268 1596 ad-

259 1622 321 1683 dita
345 1630 422 1703 sunt,
446 1623 497 1682 sed
521 1625 610 1683 etiam
632 1622 724 1682 mirlta
747 1629 880 1682 correcta
903 1630 933 1682 et
951 1623 1112 1703 emendata,
1135 1631 1268 1707 utputa,

257 1729 296 1771 ne
324 1711 419 1772 dicam
447 1711 482 1771 de
511 1710 600 1771 rebus
624 1711 871 1790 orthographicis:
899 1711 989 1790 prael.
1008 1709 1052 1772 44
1075 1729 1129 1772 nos
1151 1716 1269 1774 vocavit

258 1802 289 1860 in
318 1818 442 1878 regnum
469 1817 570 1880 suum,
603 1796 697 1880 4,17
727 1801 859 1878 periuret
887 1792 955 1882 (pro
983 1793 1140 1883 perierat),
1174 1799 1207 1880 2,
1224 1799 1267 1864 16

258 1889 445 1968 tantundem,
479 1887 507 1966 7,
527 1886 568 1950 62
593 1889 737 1948 laetorum
764 1895 948 1969 nostrorum,
980 1885 1067 1970 10,1
1092 1892 1268 1951 memoriter
1298 1921 1300 1924 ·
1334 1946 1335 1950 ,

259 1971 327 2061 (pro
346 1969 513 2060 memorie),
538 1974 588 2056 13,
602 1975 645 2038 23
664 1979 799 2037 conversi
823 1970 891 2059 (pro
911 1970 1071 2060 conventi),
1098 1975 1180 2058 li,8
1200 1997 1267 2040 vcr-

258 2085 310 2126 sus
334 2060 403 2149 (pro
426 2059 541 2147 verso),
572 2063 622 2146 19,
641 2063 661 2126 3
685 2067 717 2126 in
740 2067 821 2125 omni
843 2065 921 2146 loco,
950 2063 1001 2146 24,
1020 2063 1041 2128 b
1063 2065 1172 2144 pendet
1195 2060 1267 2150 (pro

257 2148 390 2238 pendat),
413 2150 528 2234 33,14
550 2162 761 2234 ammoneatur,
784 2151 870 2234 38,2
893 2157 1004 2214 mensis
1029 2147 1097 2236 (pro
1120 2149 1268 2240 mensae),

257 2241 310 2322 43,
325 2240 367 2303 39
386 2244 531 2321 percipiat
550 2237 618 2326 (pro
637 2236 785 2326 accipiat),
804 2239 890 2322 46,1
911 2241 976 2302 aliis
995 2241 1176 2320 quibuslibet
1195 2237 1266 2327 (pro

257 2324 420 2413 aliquibus)
445 2339 499 2391 etc.

347 2418 405 2478 Sed
424 2438 478 2479 nos
496 2437 555 2478 non
570 2438 706 2480 curamus
721 2421 884 2480 orationem
897 2418 972 2478 bene
987 2418 1116 2500 latinam,
1135 2419 1187 2480 sed
1201 2439 1266 2481 ser-

258 2525 376 2568 monem
393 2506 552 2588 vulgarem,
576 2511 624 2568 cui
642 2509 752 2587 passim
771 2505 893 2567 indulsit
911 2506 1097 2588 Benedictus,
1121 2516 1150 2568 et
1168 2511 1264 2587 magis

257 2599 289 2656 in
318 2596 447 2658 editione
474 2599 573 2675 priore
603 2615 690 2676 quam
720 2598 751 2655 in
774 2595 872 2656 altera.
918 2593 950 2654 ld
978 2597 1068 2674 igitur
1095 2595 1181 2656 uobis
1207 2600 1268 2658 erit
1337 2601 1340 2641 i

257 2685 412 2765 agendum,
434 2693 468 2746 ut
491 2703 527 2744 ex
550 2685 676 2763 Regulae
701 2683 850 2744 codicibus
875 2700 1026 2764 eruamus,
1050 2692 1192 2763 quantum
1214 2685 1267 2746 illa
1336 2763 1338 2770 Ι

256 2873 331 2926 circa
351 2890 454 2926 annum
468 2879 518 2926 529
537 2872 638 2925 habuit
655 2867 859 2941 praefationem
876 2870 1032 2926 breviorem
1049 2873 1139 2926 verbis
1154 2873 1262 2927 finitam
1335 2896 1340 2910 ·

259 2944 376 2998 ‘erimus
399 2944 514 2997 heredes
538 2942 617 3012 regni
636 2942 789 2995 caelorum’
811 2945 840 2996 et
857 2943 983 3012 Regulae
1001 2943 1096 3014 capita
1114 2951 1160 3012 66,
1184 2944 1265 2999 cuius
1334 2939 1340 2994 ,¹

256 3017 352 3069 tamen
370 3015 485 3081 nullum,
507 3015 643 3082 quantum
661 3012 726 3081 scic,
746 3013 902 3083 exemplum
920 3017 1060 3069 servatum
1078 3018 1127 3070 est.
1164 3015 1264 3070 Altera
1334 3043 1336 3052 v

257 3086 494 3156 complectebatur
521 3083 638 3137 eandem
664 3083 868 3153 praefationem
895 3089 924 3140 et
945 3086 1084 3157 Regulam
1109 3085 1264 3155 appendice
1333 3145 1334 3154 ,

256 3157 382 3226 capitum
396 3161 499 3210 iti-73
520 3154 670 3208 adauctam
688 3155 777 3224 (codd.
794 3155 859 3226 OS),
878 3157 962 3211 tertia
976 3157 1101 3228 Regulae
1119 3155 1214 3224 capita
1230 3164 1264 3212 73

257 3245 321 3280 cum
342 3225 516 3296 praelatione
538 3227 692 3280 retractata
712 3227 782 3297 (cod.
802 3227 843 3298 T).
881 3227 935 3293 out
957 3227 1140 3282 Benedictum
1163 3230 1266 3294 quater

255 3298 360 3352 librum
384 3295 504 3351 edidisse
524 3298 646 3352 statuere
663 3297 757 3368 malit,
780 3298 857 3352 haud
876 3299 936 3352 sine
954 3297 1012 3352 veri
1030 3297 1152 3368 quadam
1170 3299 1264 3367 specie
1339 3327 1340 3350 t

255 3369 376 3438 primum
393 3366 519 3437 Regulae
542 3385 621 3438 capp.
637 3375 741 3424 67—72
765 3371 841 3440 (ectr.
866 3369 915 3438 qui
936 3385 986 3422 nos
1011 3368 1047 3420 ad
1069 3367 1157 3422 vitam
1177 3369 1265 3426 ducat

257 3441 423 3509 aeternam),
448 3439 547 3493 deinde
571 3443 656 3510 caput
672 3447 704 3494 73
724 3441 872 3511 (Regulam
892 3441 964 3492 hanc
984 3437 1178 3508 descripsimus
1198 3444 1263 3513 etc.)

259 3510 400 3564 adiectum
418 3525 478 3564 esse
496 3510 621 3565 conicere
639 3511 754 3580 poterit:
773 3529 839 3565 nam
856 3511 887 3563 in
905 3511 959 3563 fine
973 3527 1032 3580 cap.
1049 3516 1081 3564 72
1101 3511 1160 3565 cod.
1176 3510 1194 3564 S
1213 3512 1264 3567 ha·
1339 3499 1340 3540 1

254 3580 305 3634 bet
325 3581 463 3636 ‘deducat
493 3583 594 3636 amen’.
