2746 4108
477 249 690 303 PRAEFATIO.
1036 249 1087 304 XV

89 397 202 458 arbitrio
225 399 334 477 prioris
358 399 549 459 considerans
573 391 630 482 (=
649 392 889 482 considerantis),
913 397 943 480 2,
959 398 997 460 11
1018 399 1086 460 dee-

88 489 160 546 trina
173 489 204 546 in
219 486 433 565 discipulorum
446 487 595 548 mentibus
610 497 830 567 conspargatur,
843 505 958 547 memor
969 505 1087 566 semper

87 575 171 635 abbas
199 578 266 655 quia
290 583 344 636 etc.
390 575 465 636 lllud
494 595 609 656 qnoque
633 576 798 636 addiderim
821 575 1013 637 ablativorum
1037 575 1086 636 ab·

88 663 246 724 solutorum
276 664 401 725 formam
427 668 538 744 passim
566 673 711 726 servatam
738 683 818 746 esse,
850 664 942 725 veluti
970 663 1025 744 18,
1044 662 1086 726 29

87 748 224 831 ‘exeeptis
247 753 294 814 his
319 749 390 833 qui',
414 754 529 814 admitti
552 761 650 814 autem
672 756 769 814 rarius
792 753 914 814 alteram
937 753 1087 832 vulgarem

86 839 135 922 53,
153 838 192 902 13
220 850 343 921 excepto
371 842 425 902 hos
453 861 527 922 ques
555 837 750 926 (franco-gall.
774 842 896 922 excepte'
925 861 999 902 ceux
1027 843 1087 922 qni,

84 949 142 992 non
164 925 326 1014 exeeptes),
350 927 401 1012 59,
422 929 463 993 14
486 939 635 992 reservato
659 931 716 991 sibi
738 949 826 992 usum
850 931 1006 992 fruetuum.

148 1019 186 1080 Ut
213 1027 311 1080 autem
338 1019 499 1099 legentium
528 1020 690 1081 commodis
717 1038 772 1099 pro
799 1027 882 1099 parte
912 1019 991 1080 virili
1018 1018 1087 1079 suh-

85 1111 226 1188 renirem‚
255 1111 292 1168 iis
315 1108 465 1170 vocabulis
489 1103 675 1170 stellulae*
698 1109 835 1189 praefixi,
863 1127 1027 1188 quaecum
1051 1107 1086 1168 ab

84 1197 225 1275 elegantia
253 1197 386 1258 Tulliana
413 1197 603 1278 abhorreant,
634 1200 666 1258 in
693 1193 808 1258 ‘lndiee
835 1192 1009 1258 verborum'
1038 1204 1088 1256 aut

81 1285 212 1346 breviter
239 1288 450 1365 interpretatus
476 1293 526 1346 aut
549 1289 589 1347 ita
612 1285 789 1346 dubitationi
812 1289 942 1347 eximere
966 1293 1087 1346 conatus

35 1441 36 1446 ἵ
83 1393 158 1456 sum,
180 1383 213 1436 nt
235 1374 336 1454 plures
359 1375 492 1436 eiusdem
515 1377 633 1454 generis
656 1375 737 1435 locos
761 1393 960 1452 congererem.

35 1463 36 1468 ’
150 1463 237 1542 Siglis
260 1482 333 1524 usus
357 1483 423 1524 sum
445 1464 505 1524 his:

198 1552 221 1612 Ο
245 1580 287 1602 =
312 1553 375 1613 cod.
395 1551 572 1613 Oxoniensis
596 1571 671 1613 saee.
690 1547 828 1632 VllsVlll.

198 1635 288 1700 01=
313 1649 463 1702 corrector
487 1640 596 1701 saeeuli
614 1640 685 1701 Vlll.

206 1749 222 1789 ο
247 1757 288 1779 =
312 1737 463 1790 corrector
486 1729 595 1790 saeculi
612 1729 683 1790 XIV.

202 1819 222 1878 S
246 1846 287 1868 =
312 1819 404 1879 codex
427 1817 625 1896 sangallensis
649 1837 724 1880 saec.
742 1817 812 1878 Vlll.

209 1927 223 1966 s
248 1933 289 1956 =
313 1907 392 1967 idem
416 1925 492 1966 man.
516 1925 574 1967 ree.
598 1916 758 1968 eorreetun

200 1996 224 2055 Τ
249 2024 288 2044 =
313 1996 406 2056 codex
428 1993 659 2074 Tegernseensis
683 1995 793 2056 saeculi
815 1996 862 2056 lX.

212 2091 225 2144 t
248 2112 290 2133 =
314 2084 393 2144 idem
416 2102 475 2144 ree.
498 2103 536 2144 m.
561 2091 721 2145 eorreetus.

201 2173 225 2232 E
249 2200 291 2222 =
315 2174 478 2251 fragmenta
501 2172 611 2234 codicis
633 2173 882 2234 Emmeramensis
906 2189 981 2233 saec.
999 2170 1069 2230 Vlll.

201 2262 228 2321 H
252 2290 292 2310 =
316 2261 479 2322 Hildemari
502 2264 730 2323 commentarius
754 2279 828 2322 saec.
852 2260 899 2322 lX.

77 2387 121 2396 -
149 2350 270 2411 Uneinis
295 2349 333 2428 []
358 2350 474 2431 inclusi,
497 2370 571 2430 qnae
595 2351 718 2410 delenda
741 2368 807 2410 esse
830 2357 910 2430 pute.
