2746 4108
375 389 400 443 Ι.
432 389 494 443 DE
513 387 754 445 GENERIBUS
770 387 1070 444 MONAOHORUM.

286 503 496 564 Monaohorum
534 509 672 582 quattuor
709 519 774 562 csse
812 519 920 580 genera
951 503 1141 564 manifestum
1175 511 1231 564 est.

219 592 352 653 Primum
375 589 609 671 coenobitarum,
636 591 693 652 hoo
722 597 768 652 est
790 589 997 652 monasteriale
1020 590 1151 652 militans
1175 592 1234 654 suh

220 679 321 760 regula
348 679 395 741 vel
423 679 535 741 abbate.
580 679 693 740 Deinde
724 678 888 740 secundum
911 697 1004 757 genus
1032 687 1077 740 est
1105 681 1233 742 anacho-

194 773 358 850 sritarum‚
389 769 420 830 id
448 776 494 830 est
519 769 732 829 heremitarum
758 767 866 829 horum
894 770 1028 848 quinon
1055 764 1231 830 *conversa-

219 861 312 920 tionis
335 859 451 919 fervore
479 859 594 918 novicio
623 857 676 917 sed
699 858 872 917 monasterii
894 855 1068 936 probatione
1092 858 1232 919 diuturna

220 947 379 1008 didicerint
410 952 512 1007 eontra
540 945 690 1006 diabulum
723 944 884 1006 multorum
911 940 1038 1007 *solacio
1068 949 1127 1008 iam
1151 947 1232 1008 docti

219 1054 351 1116 pugnare
381 1042 411 1110 et
437 1034 513 1096 bene
540 1029 720 1114 *exstructi,
752 1035 882 1095 fraterna
910 1052 946 1095 ex
974 1037 1036 1096 acie
1064 1035 1100 1096 ad
1130 1037 1231 1116 singn-

219 1124 312 1186 larem
339 1141 468 1204 pugnam
490 1123 604 1184 heremi
631 1125 730 1184 securi
756 1125 815 1184 iam
844 1125 907 1184 sine
942 1119 1161 1186 *consolatione
1190 1125 1232 1186 al-

181 1231 208 1271 10
222 1216 315 1274 terius
340 1211 400 1273 sola
423 1231 512 1272 manu
535 1211 581 1272 vel
603 1211 724 1273 brachio
748 1219 850 1272 contra
872 1213 943 1272 vitia
967 1215 1064 1273 earnis
1087 1213 1134 1274 vel
1152 1216 1231 1293 cogi·

220 1304 365 1363 tatianum
388 1301 448 1361 lleo
471 1300 630 1362 auxiliante
654 1301 806 1362 sufficiunt
828 1309 968 1380 pugnare.

288 1391 422 1451 Tertium
444 1407 514 1451 vero
533 1390 745 1450 monachorum
768 1392 955 1450 teterrimum
974 1407 1068 1468 genus
1087 1397 1132 1451 est
1151 1409 1232 1452 sara·

220 1479 365 1540 baitarum
386 1481 438 1558 qui
456 1478 536 1540 nulla
555 1478 656 1558 regula
675 1477 837 1560 adprobati,
860 1480 1042 1558 experientia
1063 1475 1233 1562 *magistra

221 1571 299 1629 sicut
322 1586 427 1628 aurum
450 1568 592 1646 fornacis,
619 1567 671 1628 sed
699 1570 731 1629 in
753 1567 868 1648 plumbi
893 1574 1029 1628 naturam
1051 1567 1158 1629 molliti
1181 1569 1231 1630 ad-

182 1673 206 1712 ra
221 1657 279 1718 huc
303 1655 443 1736 operibus
470 1649 643 1717 *servantes
671 1655 787 1718 sacculo
811 1657 900 1718 fidem
926 1652 1070 1718 *mentiri
1092 1657 1153 1718 Deo
1178 1676 1234 1737 per

220 1754 373 1807 tonsuram
396 1751 572 1825 noscuntur,
602 1747 653 1824 qni
679 1743 743 1805 bini
774 1752 825 1806 aut
846 1747 925 1807 terni
949 1754 999 1806 aut
1017 1753 1097 1812 oenc
1121 1746 1233 1826 singuli

221 1837 285 1896 sine
308 1841 426 1914 pastore
449 1852 509 1894 non
528 1833 685 1894 dominicis
709 1833 761 1894 sed
785 1836 848 1894 suis
871 1833 980 1895 inclusi
1001 1842 1073 1895 sunt
1091 1833 1233 1916 ovilibus;

220 1942 275 2003 pro
308 1923 372 2002 lege
404 1925 448 1984 eis
481 1929 527 1984 est
559 1921 775 1983 desideriorum
804 1921 952 2003 voluptas,
989 1941 1057 1986 cum
1087 1923 1231 2003 quidquid

221 2014 390 2092 putaverint
410 2011 456 2072 vel
480 2011 633 2092 elegerint,
655 2010 712 2070 hoc
735 2011 838 2072 dicunt
857 2019 1000 2092 sanctum,
1023 2019 1053 2072 et
1077 2013 1155 2091 quod
1178 2031 1230 2072 no-

182 2117 209 2156 ao
223 2101 346 2181 luerint,
374 2101 431 2160 hoc
453 2108 558 2179 putant
579 2118 639 2160 non
662 2098 761 2160 licere.
809 2099 952 2172 Quartum
974 2118 1044 2161 vero
1069 2119 1162 2180 genus
1186 2110 1232 2162 est

221 2189 433 2250 monachorum
452 2189 529 2267 quod
548 2189 725 2249 nominatur
736 2207 923 2270 gyrovagum,
946 2191 998 2268 qui
1020 2197 1083 2250 tota
1101 2191 1161 2251 vita
1179 2209 1232 2250 sua

221 2297 275 2358 per
303 2278 434 2338 diversas
461 2280 629 2356 provincias
658 2279 752 2338 ternis
783 2285 833 2338 atrt
861 2279 1014 2357 quaternis
1044 2278 1148 2340 diebus
1177 2297 1233 2360 per

222 2367 406 2426 diversorum
434 2365 523 2426 cellas
550 2366 737 2446 hospitantur
767 2384 886 2446 semper
915 2369 981 2446 vagi
1011 2373 1041 2428 et
1070 2386 1232 2447 numquam

222 2454 343 2516 stabiles
371 2461 402 2515 et
427 2457 557 2534 propriis
585 2454 784 2516 voluntatibus
812 2462 842 2516 et
869 2454 954 2535 gulae
981 2455 1140 2517 inlecebris
1170 2474 1232 2516 ser-

183 2547 336 2604 sevientes
369 2550 399 2604 et
429 2561 484 2622 per
516 2546 614 2604 omnia
646 2544 810 2604 deteriores
838 2544 1006 2626 sarabaitis3
1039 2545 1074 2606 de
1106 2563 1233 2624 quorum

223 2635 355 2692 omnium
375 2630 507 2710 [horum]
527 2634 695 2693 miserrima
713 2635 935 2694 conversatione
954 2633 1060 2694 melius
1079 2642 1125 2694 est
1143 2632 1233 2695 silere

223 2739 311 2802 quam
335 2719 426 2799 loqui.

294 2911 380 2984 Capul
397 2909 411 2967 Ι
428 2916 446 2964 4
465 2909 697 2963 anochoretarum
714 2915 743 2964 et
821 2915 837 2963 5
857 2909 1043 2964 conversionis
1062 2911 1107 2978 H,
1124 2927 1189 2966 rece.

222 2989 237 3038 7
257 2981 408 3036 didicerint
429 2981 527 3049 scripsi
550 2980 654 3035 oumO
689 2979 738 3049 qui
761 2979 920 3034 didicerunt
938 2981 1037 3036 STH:
1062 2982 1236 3036 coniunctiora

221 3057 309 3111 utitem
328 3054 430 3108 Beoed.
450 3053 516 3121 quio
533 3051 632 3106 homan
650 3050 699 3119 qni
717 3052 788 3106 idem
806 3053 944 3122 siqnificot
962 3055 1033 3122 quod
1051 3052 1187 3106 eiusmodi
1202 3055 1236 3106 ub

292 3123 437 3179 diabolum
454 3123 477 3179 S
548 3129 564 3177 8
583 3121 714 3176 insin-nobi
734 3122 786 3177 ST
856 3129 889 3176 12
908 3123 1082 3178 teterrimum
1103 3123 1195 3178 OTH
1210 3131 1236 3179 et

221 3198 297 3254 codd,
321 3197 425 3266 aliquot
443 3195 557 3249 Hieron.
573 3195 648 3264 epist.
658 3198 705 3261 22,
715 3197 750 3248 34
782 3193 961 3248 deterrimum
975 3195 1004 3262 S,
1024 3195 1147 3250 Cassian.
1164 3197 1233 3250 conl.

221 3273 339 3336 18,7,1.
371 3268 411 3323 Aa
428 3269 462 3335 cf.
482 3267 561 3333 infru
577 3283 601 3320 o.
620 3269 658 3321 25
676 3265 827 3320 deteriores
847 3265 998 3320 sarabaitis
1065 3265 1235 3320 sarcinarum

223 3340 246 3395 O
305 3345 338 3392 14
356 3341 488 3393 naborem
500 3339 599 3406 scripsi
612 3337 712 3392 cotmO
738 3339 841 3390 natura
854 3336 907 3392 ST
960 3343 992 3391 15
1012 3337 1200 3392 servientesS

223 3417 255 3465 17
275 3413 340 3464 sunt
359 3411 399 3481 (id
417 3417 455 3466 est
472 3409 509 3479 n)
528 3409 642 3476 eddidi3
659 3407 720 3462 bini
736 3408 781 3462 vel
794 3407 868 3463 berni
881 3407 1014 3462 habitunt
1026 3409 1141 3463 Hieron.
1157 3410 1233 3477 epist.

220 3486 313 3549 22,34
385 3487 417 3536 21
437 3483 527 3535 bobum
549 3479 637 3534 vibam
660 3479 780 3534 suamS
848 3485 881 3534 26
899 3479 999 3533 horum
1017 3480 1076 3547 ST,
1098 3480 1170 3548 quod
1190 3480 1234 3532 iu·
1317 3557 1320 3562 ⁴

221 3554 300 3620 clusi,
318 3552 384 3622 quio
403 3569 510 3608 mosum
528 3559 566 3608 eat
583 3553 614 3606 in
634 3552 657 3606 0
728 3549 839 3624 melius]
859 3552 893 3618 cf.
913 3551 980 3607 nott.
995 3553 1057 3624 Iup.
1072 3557 1117 3619 19,
1130 3554 1157 3606 2.
