<?xml version="1.0" encoding="UTF-8"?>
<!DOCTYPE html PUBLIC "-//W3C//DTD XHTML 1.0 Transitional//EN"
    "http://www.w3.org/TR/xhtml1/DTD/xhtml1-transitional.dtd">
<html xmlns="http://www.w3.org/1999/xhtml" xml:lang="en" lang="en">
 <head>
  <title>
</title>
<meta http-equiv="Content-Type" content="text/html;charset=utf-8" />
  <meta name='ocr-system' content='tesseract 3.04.00' />
  <meta name='ocr-capabilities' content='ocr_page ocr_carea ocr_par ocr_line ocrx_word'/>
</head>
<body>
  <div class='ocr_page' id='page_1' title='image "benedictiregula01wlgoog_0055.png"; bbox 0 0 2746 4108; ppageno 0'>
   <div class='ocr_carea' id='block_1_1' title="bbox 478 201 1136 268">
    <p class='ocr_par' dir='ltr' id='par_1_1' title="bbox 478 201 1136 268">
     <span class='ocr_line' id='line_1_1' title="bbox 478 201 1136 268; baseline -0.005 -12"><span class='ocrx_word' id='word_1_1' title='bbox 478 201 555 256; x_wconf 78' lang='lat' dir='ltr'><strong>cur.</strong></span> <span class='ocrx_word' id='word_1_2' title='bbox 569 201 666 255; x_wconf 85' lang='lat' dir='ltr'><strong>xxm.</strong></span> <span class='ocrx_word' id='word_1_3' title='bbox 685 201 782 256; x_wconf 78' lang='lat' dir='ltr'><strong>xxiv.</strong></span> <span class='ocrx_word' id='word_1_4' title='bbox 1093 203 1136 268; x_wconf 86' lang='lat'><strong>33</strong></span> 
     </span>
    </p>
   </div>
   <div class='ocr_carea' id='block_1_2' title="bbox 117 349 1136 698">
    <p class='ocr_par' dir='ltr' id='par_1_2' title="bbox 117 349 1136 698">
     <span class='ocr_line' id='line_1_2' title="bbox 118 349 1135 429; baseline 0 -17"><span class='ocrx_word' id='word_1_5' title='bbox 118 358 152 412; x_wconf 91' lang='lat' dir='ltr'><strong>et</strong></span> <span class='ocrx_word' id='word_1_6' title='bbox 175 351 250 412; x_wconf 86' lang='lat' dir='ltr'><strong>sacto</strong></span> <span class='ocrx_word' id='word_1_7' title='bbox 274 351 359 429; x_wconf 83' lang='lat' dir='ltr'><strong>signo</strong></span> <span class='ocrx_word' id='word_1_8' title='bbox 383 349 494 429; x_wconf 84' lang='lat' dir='ltr'>absque</span> <span class='ocrx_word' id='word_1_9' title='bbox 516 368 598 410; x_wconf 91' lang='lat' dir='ltr'><strong>mora</strong></span> <span class='ocrx_word' id='word_1_10' title='bbox 620 357 776 428; x_wconf 81' lang='lat' dir='ltr'><strong>surgentes</strong></span> <span class='ocrx_word' id='word_1_11' title='bbox 795 351 938 412; x_wconf 78' lang='lat' dir='ltr'><strong>festinent</strong></span> <span class='ocrx_word' id='word_1_12' title='bbox 956 353 1084 412; x_wconf 88' lang='lat' dir='ltr'><strong>invicem</strong></span> <span class='ocrx_word' id='word_1_13' title='bbox 1103 370 1135 412; x_wconf 93' lang='lat' dir='ltr'><strong>se</strong></span> 
     </span>
     <span class='ocr_line' id='line_1_3' title="bbox 117 438 1136 519; baseline 0 -19"><span class='ocrx_word' id='word_1_14' title='bbox 117 441 295 519; x_wconf 88' lang='lat' dir='ltr'><strong>praevenire</strong></span> <span class='ocrx_word' id='word_1_15' title='bbox 328 439 364 500; x_wconf 95' lang='lat' dir='ltr'><strong>ad</strong></span> <span class='ocrx_word' id='word_1_16' title='bbox 397 457 471 518; x_wconf 91' lang='lat' dir='ltr'><strong>opus</strong></span> <span class='ocrx_word' id='word_1_17' title='bbox 499 438 566 519; x_wconf 84' lang='lat' dir='ltr'><strong>Dei,</strong></span> <span class='ocrx_word' id='word_1_18' title='bbox 598 457 666 500; x_wconf 92' lang='lat' dir='ltr'><strong>cum</strong></span> <span class='ocrx_word' id='word_1_19' title='bbox 699 441 780 499; x_wconf 90' lang='lat' dir='ltr'><strong>omni</strong></span> <span class='ocrx_word' id='word_1_20' title='bbox 807 447 907 500; x_wconf 91' lang='lat' dir='ltr'><strong>tamen</strong></span> <span class='ocrx_word' id='word_1_21' title='bbox 935 441 1076 518; x_wconf 84' lang='lat' dir='ltr'><strong>gravitate</strong></span> <span class='ocrx_word' id='word_1_22' title='bbox 1106 449 1136 500; x_wconf 93' lang='lat' dir='ltr'><strong>et</strong></span> 
     </span>
     <span class='ocr_line' id='line_1_4' title="bbox 118 527 1136 589; baseline 0 -1"><span class='ocrx_word' id='word_1_23' title='bbox 118 529 274 589; x_wconf 86' lang='lat' dir='ltr'><strong>modestia.</strong></span> <span class='ocrx_word' id='word_1_24' title='bbox 319 527 572 588; x_wconf 79' lang='lat' dir='ltr'><strong>Aduliscentiores</strong></span> <span class='ocrx_word' id='word_1_25' title='bbox 604 528 711 588; x_wconf 82' lang='lat' dir='ltr'><strong>fratres</strong></span> <span class='ocrx_word' id='word_1_26' title='bbox 741 531 822 588; x_wconf 80' lang='lat' dir='ltr'><strong>iuxta</strong></span> <span class='ocrx_word' id='word_1_27' title='bbox 855 547 887 588; x_wconf 92' lang='lat' dir='ltr'><strong>se</strong></span> <span class='ocrx_word' id='word_1_28' title='bbox 917 546 977 589; x_wconf 91' lang='lat' dir='ltr'><strong>non</strong></span> <span class='ocrx_word' id='word_1_29' title='bbox 1008 527 1136 588; x_wconf 90' lang='lat' dir='ltr'><strong>habeant</strong></span> 
     </span>
     <span class='ocr_line' id='line_1_5' title="bbox 118 615 1134 698; baseline 0 -22"><span class='ocrx_word' id='word_1_30' title='bbox 118 615 228 698; x_wconf 87' lang='lat' dir='ltr'><strong>lectos,</strong></span> <span class='ocrx_word' id='word_1_31' title='bbox 258 616 310 678; x_wconf 90' lang='lat' dir='ltr'><strong>sed</strong></span> <span class='ocrx_word' id='word_1_32' title='bbox 337 618 478 696; x_wconf 80' lang='lat' dir='ltr'>permixti</span> <span class='ocrx_word' id='word_1_33' title='bbox 506 634 573 677; x_wconf 93' lang='lat' dir='ltr'><strong>cum</strong></span> <span class='ocrx_word' id='word_1_34' title='bbox 596 615 773 678; x_wconf 83' lang='lat' dir='ltr'><strong>senioribus</strong></span> <span class='ocrx_word' id='word_1_35' title='bbox 820 616 982 696; x_wconf 83' lang='lat' dir='ltr'><strong>Surgentes</strong></span> <span class='ocrx_word' id='word_1_36' title='bbox 1005 635 1075 677; x_wconf 88' lang='lat' dir='ltr'><strong>vero</strong></span> <span class='ocrx_word' id='word_1_37' title='bbox 1099 617 1134 678; x_wconf 94' lang='lat' dir='ltr'><strong>ad</strong></span> 
     </span>
    </p>
   </div>
   <div class='ocr_carea' id='block_1_3' title="bbox 11 703 1175 785">
    <p class='ocr_par' dir='ltr' id='par_1_3' title="bbox 11 703 1175 785">
     <span class='ocr_line' id='line_1_6' title="bbox 11 703 1175 785; baseline -0.005 -19"><span class='ocrx_word' id='word_1_38' title='bbox 11 703 15 733; x_wconf 69' lang='grc'><strong>’“</strong></span> <span class='ocrx_word' id='word_1_39' title='bbox 118 724 195 785; x_wconf 92' lang='lat' dir='ltr'><strong>opus</strong></span> <span class='ocrx_word' id='word_1_40' title='bbox 214 705 268 766; x_wconf 87' lang='lat' dir='ltr'><strong>Dei</strong></span> <span class='ocrx_word' id='word_1_41' title='bbox 291 707 419 766; x_wconf 84' lang='lat' dir='ltr'><strong>invicem</strong></span> <span class='ocrx_word' id='word_1_42' title='bbox 443 723 474 765; x_wconf 91' lang='lat' dir='ltr'><strong>se</strong></span> <span class='ocrx_word' id='word_1_43' title='bbox 493 705 644 766; x_wconf 89' lang='lat' dir='ltr'><strong>moderate</strong></span> <span class='ocrx_word' id='word_1_44' title='bbox 663 705 857 766; x_wconf 82' lang='lat' dir='ltr'><strong>cohortentur</strong></span> <span class='ocrx_word' id='word_1_45' title='bbox 875 712 998 785; x_wconf 91' lang='lat' dir='ltr'><strong>propter</strong></span> <span class='ocrx_word' id='word_1_46' title='bbox 1016 721 1175 766; x_wconf 82' lang='lat' dir='ltr'><strong>somno-15</strong></span> 
     </span>
    </p>
   </div>
   <div class='ocr_carea' id='block_1_4' title="bbox 117 793 509 856">
    <p class='ocr_par' dir='ltr' id='par_1_4' title="bbox 117 793 509 856">
     <span class='ocr_line' id='line_1_7' title="bbox 117 793 509 856; baseline -0.003 -2"><span class='ocrx_word' id='word_1_47' title='bbox 117 793 270 856; x_wconf 87' lang='lat' dir='ltr'><strong>tentorum</strong></span> <span class='ocrx_word' id='word_1_48' title='bbox 293 796 509 855; x_wconf 82' lang='lat' dir='ltr'><strong>excusationes.</strong></span> 
     </span>
    </p>
   </div>
   <div class='ocr_carea' id='block_1_5' title="bbox 166 1017 1087 1074">
    <p class='ocr_par' dir='ltr' id='par_1_5' title="bbox 166 1017 1087 1074">
     <span class='ocr_line' id='line_1_8' title="bbox 166 1017 1087 1074; baseline 0 -2"><span class='ocrx_word' id='word_1_49' title='bbox 166 1017 288 1072; x_wconf 88' lang='lat' dir='ltr'><strong><em>XXIII.</em></strong></span> <span class='ocrx_word' id='word_1_50' title='bbox 316 1018 379 1072; x_wconf 83' lang='lat' dir='ltr'><strong>DE</strong></span> <span class='ocrx_word' id='word_1_51' title='bbox 395 1017 837 1073; x_wconf 80' lang='lat' dir='ltr'><strong><em>EXUOMMUNIOATIONE</em></strong></span> <span class='ocrx_word' id='word_1_52' title='bbox 855 1018 1087 1074; x_wconf 83' lang='lat' dir='ltr'><strong><em>OULPARUM.</em></strong></span> 
     </span>
    </p>
   </div>
   <div class='ocr_carea' id='block_1_6' title="bbox 116 1148 1175 1920">
    <p class='ocr_par' dir='ltr' id='par_1_6' title="bbox 116 1148 1175 1920">
     <span class='ocr_line' id='line_1_9' title="bbox 189 1148 1135 1229; baseline 0.001 -20"><span class='ocrx_word' id='word_1_53' title='bbox 189 1150 221 1210; x_wconf 90' lang='lat' dir='ltr'><strong>Si</strong></span> <span class='ocrx_word' id='word_1_54' title='bbox 244 1152 312 1228; x_wconf 88' lang='lat' dir='ltr'><strong>quis</strong></span> <span class='ocrx_word' id='word_1_55' title='bbox 335 1149 426 1210; x_wconf 81' lang='lat' dir='ltr'><strong>frater</strong></span> <span class='ocrx_word' id='word_1_56' title='bbox 449 1157 606 1210; x_wconf 84' lang='lat' dir='ltr'><strong>contumax</strong></span> <span class='ocrx_word' id='word_1_57' title='bbox 630 1156 680 1209; x_wconf 92' lang='lat' dir='ltr'><strong>aut</strong></span> <span class='ocrx_word' id='word_1_58' title='bbox 702 1148 897 1210; x_wconf 89' lang='lat' dir='ltr'><strong>inoboediens</strong></span> <span class='ocrx_word' id='word_1_59' title='bbox 920 1157 971 1210; x_wconf 92' lang='lat' dir='ltr'><strong>aut</strong></span> <span class='ocrx_word' id='word_1_60' title='bbox 989 1149 1135 1229; x_wconf 91' lang='lat' dir='ltr'><strong>superbus</strong></span> 
     </span>
     <span class='ocr_line' id='line_1_10' title="bbox 118 1237 1134 1317; baseline 0 -18"><span class='ocrx_word' id='word_1_61' title='bbox 118 1246 171 1300; x_wconf 91' lang='lat' dir='ltr'><strong>aut</strong></span> <span class='ocrx_word' id='word_1_62' title='bbox 194 1256 382 1298; x_wconf 91' lang='lat' dir='ltr'><strong>murmorans</strong></span> <span class='ocrx_word' id='word_1_63' title='bbox 406 1240 511 1298; x_wconf 89' lang='lat' dir='ltr'><strong>autin</strong></span> <span class='ocrx_word' id='word_1_64' title='bbox 534 1237 632 1317; x_wconf 87' lang='lat' dir='ltr'><strong>aliquo</strong></span> <span class='ocrx_word' id='word_1_65' title='bbox 656 1240 804 1298; x_wconf 91' lang='lat' dir='ltr'><strong>contrario</strong></span> <span class='ocrx_word' id='word_1_66' title='bbox 829 1241 996 1299; x_wconf 88' lang='lat' dir='ltr'><strong>consistens</strong></span> <span class='ocrx_word' id='word_1_67' title='bbox 1017 1246 1134 1299; x_wconf 91' lang='lat' dir='ltr'><strong>sanctae</strong></span> 
     </span>
     <span class='ocr_line' id='line_1_11' title="bbox 117 1326 1134 1406; baseline 0 -18"><span class='ocrx_word' id='word_1_68' title='bbox 117 1326 240 1406; x_wconf 72' lang='lat' dir='ltr'><strong>regulae</strong></span> <span class='ocrx_word' id='word_1_69' title='bbox 260 1334 291 1387; x_wconf 90' lang='lat' dir='ltr'><strong>et</strong></span> <span class='ocrx_word' id='word_1_70' title='bbox 308 1328 475 1406; x_wconf 85' lang='lat' dir='ltr'><strong>praeceptis</strong></span> <span class='ocrx_word' id='word_1_71' title='bbox 495 1329 646 1387; x_wconf 90' lang='lat' dir='ltr'><strong>seniorum</strong></span> <span class='ocrx_word' id='word_1_72' title='bbox 661 1344 784 1386; x_wconf 90' lang='lat' dir='ltr'><strong>suorum</strong></span> <span class='ocrx_word' id='word_1_73' title='bbox 798 1333 984 1406; x_wconf 91' lang='lat' dir='ltr'><strong>contemptor</strong></span> <span class='ocrx_word' id='word_1_74' title='bbox 998 1335 1134 1406; x_wconf 88' lang='lat' dir='ltr'><strong>repertus</strong></span> 
     </span>
     <span class='ocr_line' id='line_1_12' title="bbox 117 1414 1175 1493; baseline 0 -17"><span class='ocrx_word' id='word_1_75' title='bbox 117 1416 223 1477; x_wconf 83' lang='lat' dir='ltr'><strong>tuerit:</strong></span> <span class='ocrx_word' id='word_1_76' title='bbox 242 1415 292 1476; x_wconf 93' lang='lat' dir='ltr'><strong>hic</strong></span> <span class='ocrx_word' id='word_1_77' title='bbox 311 1415 474 1476; x_wconf 90' lang='lat' dir='ltr'><strong>secundum</strong></span> <span class='ocrx_word' id='word_1_78' title='bbox 489 1414 607 1476; x_wconf 89' lang='lat' dir='ltr'><strong>Domini</strong></span> <span class='ocrx_word' id='word_1_79' title='bbox 625 1417 721 1475; x_wconf 91' lang='lat' dir='ltr'><strong>nostri</strong></span> <span class='ocrx_word' id='word_1_80' title='bbox 737 1422 928 1493; x_wconf 90' lang='lat' dir='ltr'><strong>praeceptum</strong></span> <span class='ocrx_word' id='word_1_81' title='bbox 943 1416 1135 1477; x_wconf 87' lang='lat' dir='ltr'><strong>admouentur</strong></span> <span class='ocrx_word' id='word_1_82' title='bbox 1162 1428 1175 1468; x_wconf 82' lang='lat'>⁵</span> 
     </span>
     <span class='ocr_line' id='line_1_13' title="bbox 118 1499 1134 1566; baseline 0 -1"><span class='ocrx_word' id='word_1_83' title='bbox 118 1503 213 1565; x_wconf 92' lang='lat' dir='ltr'><strong>semel</strong></span> <span class='ocrx_word' id='word_1_84' title='bbox 232 1511 262 1565; x_wconf 90' lang='lat' dir='ltr'><strong>ct</strong></span> <span class='ocrx_word' id='word_1_85' title='bbox 280 1499 428 1565; x_wconf 85' lang='lat' dir='ltr'><strong>*secundo</strong></span> <span class='ocrx_word' id='word_1_86' title='bbox 449 1511 563 1566; x_wconf 89' lang='lat' dir='ltr'><strong>secreto</strong></span> <span class='ocrx_word' id='word_1_87' title='bbox 582 1523 599 1564; x_wconf 94' lang='lat' dir='ltr'><strong>a</strong></span> <span class='ocrx_word' id='word_1_88' title='bbox 618 1502 787 1564; x_wconf 91' lang='lat' dir='ltr'><strong>senioribus</strong></span> <span class='ocrx_word' id='word_1_89' title='bbox 806 1505 877 1563; x_wconf 90' lang='lat' dir='ltr'><strong>snis.</strong></span> <span class='ocrx_word' id='word_1_90' title='bbox 911 1503 943 1562; x_wconf 91' lang='lat' dir='ltr'><strong>Si</strong></span> <span class='ocrx_word' id='word_1_91' title='bbox 960 1523 1021 1565; x_wconf 88' lang='lat' dir='ltr'><strong>non</strong></span> <span class='ocrx_word' id='word_1_92' title='bbox 1035 1523 1134 1565; x_wconf 90' lang='lat' dir='ltr'><strong>ernen-</strong></span> 
     </span>
     <span class='ocr_line' id='line_1_14' title="bbox 118 1590 1134 1675; baseline 0.001 -22"><span class='ocrx_word' id='word_1_93' title='bbox 118 1593 244 1675; x_wconf 84' lang='lat' dir='ltr'><strong>daverit‚</strong></span> <span class='ocrx_word' id='word_1_94' title='bbox 266 1591 440 1672; x_wconf 84' lang='lat' dir='ltr'><strong>obiurgetur</strong></span> <span class='ocrx_word' id='word_1_95' title='bbox 457 1591 576 1671; x_wconf 89' lang='lat' dir='ltr'><strong>publice</strong></span> <span class='ocrx_word' id='word_1_96' title='bbox 595 1611 695 1653; x_wconf 93' lang='lat' dir='ltr'><strong>coram</strong></span> <span class='ocrx_word' id='word_1_97' title='bbox 714 1590 860 1652; x_wconf 91' lang='lat' dir='ltr'><strong>omuibus.</strong></span> <span class='ocrx_word' id='word_1_98' title='bbox 898 1591 1018 1653; x_wconf 80' lang='lat' dir='ltr'><strong>sivero</strong></span> <span class='ocrx_word' id='word_1_99' title='bbox 1038 1611 1134 1673; x_wconf 88' lang='lat' dir='ltr'><strong>neque</strong></span> 
     </span>
     <span class='ocr_line' id='line_1_15' title="bbox 117 1677 1134 1762; baseline -0.001 -19"><span class='ocrx_word' id='word_1_100' title='bbox 117 1683 163 1743; x_wconf 88' lang='lat' dir='ltr'><strong>sic</strong></span> <span class='ocrx_word' id='word_1_101' title='bbox 182 1677 373 1762; x_wconf 70' lang='lat' dir='ltr'><strong>*correxerit</strong></span> <span class='ocrx_word' id='word_1_102' title='bbox 392 1683 419 1742; x_wconf 90' lang='lat' dir='ltr'><strong>si</strong></span> <span class='ocrx_word' id='word_1_103' title='bbox 437 1680 583 1760; x_wconf 83' lang='lat' dir='ltr'><strong>intellegit</strong></span> <span class='ocrx_word' id='word_1_104' title='bbox 604 1681 699 1760; x_wconf 89' lang='lat' dir='ltr'><strong>qualis</strong></span> <span class='ocrx_word' id='word_1_105' title='bbox 718 1698 813 1760; x_wconf 93' lang='lat' dir='ltr'><strong>poena</strong></span> <span class='ocrx_word' id='word_1_106' title='bbox 832 1683 880 1761; x_wconf 80' lang='lat' dir='ltr'><strong>sit,</strong></span> <span class='ocrx_word' id='word_1_107' title='bbox 899 1685 1134 1742; x_wconf 79' lang='lat' dir='ltr'><strong>excommunica-</strong></span> 
     </span>
     <span class='ocr_line' id='line_1_16' title="bbox 116 1768 1134 1858; baseline -0.001 -27"><span class='ocrx_word' id='word_1_108' title='bbox 116 1773 194 1832; x_wconf 90' lang='lat' dir='ltr'><strong>tioni</strong></span> <span class='ocrx_word' id='word_1_109' title='bbox 213 1770 376 1851; x_wconf 81' lang='lat' dir='ltr'><strong>subiaceat3</strong></span> <span class='ocrx_word' id='word_1_110' title='bbox 401 1772 566 1830; x_wconf 91' lang='lat' dir='ltr'><strong>sinautem</strong></span> <span class='ocrx_word' id='word_1_111' title='bbox 584 1770 728 1858; x_wconf 87' lang='lat' dir='ltr'><strong>inprobus</strong></span> <span class='ocrx_word' id='word_1_112' title='bbox 748 1776 803 1850; x_wconf 84' lang='lat' dir='ltr'><strong>est,</strong></span> <span class='ocrx_word' id='word_1_113' title='bbox 822 1768 969 1830; x_wconf 82' lang='lat' dir='ltr'><strong>vindictae</strong></span> <span class='ocrx_word' id='word_1_114' title='bbox 988 1771 1134 1850; x_wconf 87' lang='lat' dir='ltr'><strong>corporati</strong></span> 
     </span>
     <span class='ocr_line' id='line_1_17' title="bbox 118 1859 1173 1920; baseline -0.008 0"><span class='ocrx_word' id='word_1_115' title='bbox 118 1859 272 1920; x_wconf 89' lang='lat' dir='ltr'><strong>subdatur.</strong></span> <span class='ocrx_word' id='word_1_116' title='bbox 1147 1873 1173 1912; x_wconf 85' lang='grc' dir='ltr'><strong>ιο</strong></span> 
     </span>
    </p>
   </div>
   <div class='ocr_carea' id='block_1_7' title="bbox 261 2062 994 2208">
    <p class='ocr_par' dir='ltr' id='par_1_7' title="bbox 261 2062 994 2208">
     <span class='ocr_line' id='line_1_18' title="bbox 261 2062 994 2135; baseline -0.004 -16"><span class='ocrx_word' id='word_1_117' title='bbox 261 2065 375 2120; x_wconf 90' lang='lat' dir='ltr'><strong><em>XXIV.</em></strong></span> <span class='ocrx_word' id='word_1_118' title='bbox 406 2064 553 2135; x_wconf 74' lang='lat' dir='ltr'><strong><em>QUALIS</em></strong></span> <span class='ocrx_word' id='word_1_119' title='bbox 568 2063 715 2118; x_wconf 83' lang='lat' dir='ltr'><em>DEBET</em></span> <span class='ocrx_word' id='word_1_120' title='bbox 731 2063 833 2119; x_wconf 78' lang='lat' dir='ltr'><strong><em>ESSE</em></strong></span> <span class='ocrx_word' id='word_1_121' title='bbox 851 2062 994 2117; x_wconf 79' lang='lat' dir='ltr'><em>MODUS</em></span> 
     </span>
     <span class='ocr_line' id='line_1_19' title="bbox 400 2152 853 2208; baseline -0.002 -1"><span class='ocrx_word' id='word_1_122' title='bbox 400 2152 853 2208; x_wconf 80' lang='lat' dir='ltr'><strong><em>EXOOMMUNIOATIONIS.</em></strong></span> 
     </span>
    </p>
   </div>
   <div class='ocr_carea' id='block_1_8' title="bbox 187 2281 1132 2363">
    <p class='ocr_par' dir='ltr' id='par_1_8' title="bbox 187 2281 1132 2363">
     <span class='ocr_line' id='line_1_20' title="bbox 187 2281 1132 2363; baseline -0.004 -17"><span class='ocrx_word' id='word_1_123' title='bbox 187 2284 356 2346; x_wconf 88' lang='lat' dir='ltr'><strong>Secundum</strong></span> <span class='ocrx_word' id='word_1_124' title='bbox 379 2283 499 2344; x_wconf 90' lang='lat' dir='ltr'><strong>modum</strong></span> <span class='ocrx_word' id='word_1_125' title='bbox 523 2283 625 2363; x_wconf 91' lang='lat' dir='ltr'><strong>cnlpae</strong></span> <span class='ocrx_word' id='word_1_126' title='bbox 647 2284 960 2344; x_wconf 83' lang='lat' dir='ltr'><strong>excommunicationis</strong></span> <span class='ocrx_word' id='word_1_127' title='bbox 979 2281 1025 2344; x_wconf 86' lang='lat' dir='ltr'><strong>vel</strong></span> <span class='ocrx_word' id='word_1_128' title='bbox 1044 2282 1132 2343; x_wconf 89' lang='lat' dir='ltr'><strong>disci·</strong></span> 
     </span>
    </p>
   </div>
   <div class='ocr_carea' id='block_1_9' title="bbox 8 2370 1133 2458">
    <p class='ocr_par' dir='ltr' id='par_1_9' title="bbox 8 2370 1133 2458">
     <span class='ocr_line' id='line_1_21' title="bbox 8 2370 1133 2458; baseline -0.003 -23"><span class='ocrx_word' id='word_1_129' title='bbox 8 2449 10 2458; x_wconf 14' lang='lat' dir='ltr'>x</span> <span class='ocrx_word' id='word_1_130' title='bbox 117 2373 218 2454; x_wconf 88' lang='lat' dir='ltr'><strong>plinae</strong></span> <span class='ocrx_word' id='word_1_131' title='bbox 242 2373 330 2434; x_wconf 90' lang='lat' dir='ltr'><strong>debet</strong></span> <span class='ocrx_word' id='word_1_132' title='bbox 353 2373 473 2434; x_wconf 82' lang='lat' dir='ltr'><strong>extendi</strong></span> <span class='ocrx_word' id='word_1_133' title='bbox 490 2391 643 2454; x_wconf 81' lang='lat' dir='ltr'><strong>mensura3</strong></span> <span class='ocrx_word' id='word_1_134' title='bbox 667 2374 719 2451; x_wconf 92' lang='lat' dir='ltr'><strong>qui</strong></span> <span class='ocrx_word' id='word_1_135' title='bbox 738 2370 890 2451; x_wconf 88' lang='lat' dir='ltr'><strong>culparum</strong></span> <span class='ocrx_word' id='word_1_136' title='bbox 909 2371 1014 2432; x_wconf 89' lang='lat' dir='ltr'><strong>modus</strong></span> <span class='ocrx_word' id='word_1_137' title='bbox 1033 2373 1065 2432; x_wconf 93' lang='lat' dir='ltr'><strong>in</strong></span> <span class='ocrx_word' id='word_1_138' title='bbox 1083 2371 1133 2432; x_wconf 89' lang='lat' dir='ltr'><strong>ab·</strong></span> 
     </span>
    </p>
   </div>
   <div class='ocr_carea' id='block_1_10' title="bbox 118 2459 1173 2541">
    <p class='ocr_par' dir='ltr' id='par_1_10' title="bbox 118 2459 1173 2541">
     <span class='ocr_line' id='line_1_22' title="bbox 118 2459 1173 2541; baseline -0.008 -17"><span class='ocrx_word' id='word_1_139' title='bbox 118 2463 197 2524; x_wconf 87' lang='lat' dir='ltr'><strong>batis</strong></span> <span class='ocrx_word' id='word_1_140' title='bbox 219 2459 348 2541; x_wconf 84' lang='lat' dir='ltr'><strong>*pendat</strong></span> <span class='ocrx_word' id='word_1_141' title='bbox 370 2461 488 2522; x_wconf 90' lang='lat' dir='ltr'><strong>iudicio.</strong></span> <span class='ocrx_word' id='word_1_142' title='bbox 536 2461 568 2521; x_wconf 88' lang='lat' dir='ltr'><strong>Si</strong></span> <span class='ocrx_word' id='word_1_143' title='bbox 591 2463 659 2540; x_wconf 89' lang='lat' dir='ltr'><strong>quis</strong></span> <span class='ocrx_word' id='word_1_144' title='bbox 682 2468 781 2521; x_wconf 92' lang='lat' dir='ltr'><strong>tamen</strong></span> <span class='ocrx_word' id='word_1_145' title='bbox 804 2460 895 2520; x_wconf 86' lang='lat' dir='ltr'><strong>frater</strong></span> <span class='ocrx_word' id='word_1_146' title='bbox 918 2463 950 2520; x_wconf 95' lang='lat' dir='ltr'><strong>in</strong></span> <span class='ocrx_word' id='word_1_147' title='bbox 972 2459 1133 2521; x_wconf 89' lang='lat' dir='ltr'><strong>levioribus</strong></span> <span class='ocrx_word' id='word_1_148' title='bbox 1161 2474 1173 2516; x_wconf 76' lang='lat' dir='ltr'><strong>a</strong></span> 
     </span>
    </p>
   </div>
   <div class='ocr_carea' id='block_1_11' title="bbox 117 2547 1173 2986">
    <p class='ocr_par' dir='ltr' id='par_1_11' title="bbox 117 2547 1173 2986">
     <span class='ocr_line' id='line_1_23' title="bbox 117 2547 1133 2632; baseline -0.004 -19"><span class='ocrx_word' id='word_1_149' title='bbox 117 2551 216 2632; x_wconf 91' lang='lat' dir='ltr'><strong>culpis</strong></span> <span class='ocrx_word' id='word_1_150' title='bbox 235 2553 393 2630; x_wconf 88' lang='lat' dir='ltr'><strong>iuvenitur,</strong></span> <span class='ocrx_word' id='word_1_151' title='bbox 412 2547 446 2610; x_wconf 79' lang='lat' dir='ltr'><strong>&#39;a</strong></span> <span class='ocrx_word' id='word_1_152' title='bbox 464 2568 584 2610; x_wconf 89' lang='lat' dir='ltr'><strong>mensae</strong></span> <span class='ocrx_word' id='word_1_153' title='bbox 603 2551 830 2629; x_wconf 81' lang='lat' dir='ltr'><strong>participatione</strong></span> <span class='ocrx_word' id='word_1_154' title='bbox 849 2551 991 2628; x_wconf 79' lang='lat' dir='ltr'><strong>privetur,</strong></span> <span class='ocrx_word' id='word_1_155' title='bbox 1023 2549 1133 2609; x_wconf 90' lang='lat' dir='ltr'><strong>Privati</strong></span> 
     </span>
     <span class='ocr_line' id='line_1_24' title="bbox 117 2639 1132 2717; baseline -0.005 -15"><span class='ocrx_word' id='word_1_156' title='bbox 117 2649 219 2702; x_wconf 90' lang='lat' dir='ltr'><strong>autem</strong></span> <span class='ocrx_word' id='word_1_157' title='bbox 247 2659 264 2700; x_wconf 93' lang='lat' dir='ltr'><strong>a</strong></span> <span class='ocrx_word' id='word_1_158' title='bbox 290 2658 410 2700; x_wconf 89' lang='lat' dir='ltr'><strong>mensae</strong></span> <span class='ocrx_word' id='word_1_159' title='bbox 438 2640 587 2700; x_wconf 84' lang='lat' dir='ltr'><strong>consortio</strong></span> <span class='ocrx_word' id='word_1_160' title='bbox 614 2640 672 2698; x_wconf 90' lang='lat' dir='ltr'><strong>ista</strong></span> <span class='ocrx_word' id='word_1_161' title='bbox 695 2639 753 2698; x_wconf 91' lang='lat' dir='ltr'><strong>erit</strong></span> <span class='ocrx_word' id='word_1_162' title='bbox 774 2639 863 2717; x_wconf 89' lang='lat' dir='ltr'><strong>ratio,</strong></span> <span class='ocrx_word' id='word_1_163' title='bbox 890 2644 924 2697; x_wconf 92' lang='lat' dir='ltr'><strong>ut</strong></span> <span class='ocrx_word' id='word_1_164' title='bbox 947 2639 978 2697; x_wconf 93' lang='lat' dir='ltr'><strong>in</strong></span> <span class='ocrx_word' id='word_1_165' title='bbox 1001 2640 1132 2698; x_wconf 86' lang='lat' dir='ltr'><strong>oraturio</strong></span> 
     </span>
     <span class='ocr_line' id='line_1_25' title="bbox 117 2725 1132 2809; baseline -0.004 -19"><span class='ocrx_word' id='word_1_166' title='bbox 117 2729 267 2809; x_wconf 91' lang='lat' dir='ltr'><strong>psalmum</strong></span> <span class='ocrx_word' id='word_1_167' title='bbox 294 2735 345 2789; x_wconf 91' lang='lat' dir='ltr'><strong>aut</strong></span> <span class='ocrx_word' id='word_1_168' title='bbox 367 2728 533 2788; x_wconf 81' lang='lat' dir='ltr'><strong>anteianam</strong></span> <span class='ocrx_word' id='word_1_169' title='bbox 556 2745 616 2788; x_wconf 90' lang='lat' dir='ltr'><strong>uon</strong></span> <span class='ocrx_word' id='word_1_170' title='bbox 638 2729 762 2806; x_wconf 89' lang='lat' dir='ltr'><strong>inponat</strong></span> <span class='ocrx_word' id='word_1_171' title='bbox 783 2744 881 2805; x_wconf 89' lang='lat' dir='ltr'><strong>neque</strong></span> <span class='ocrx_word' id='word_1_172' title='bbox 904 2725 1062 2787; x_wconf 89' lang='lat' dir='ltr'><strong>lectionem</strong></span> <span class='ocrx_word' id='word_1_173' title='bbox 1085 2745 1132 2786; x_wconf 92' lang='lat' dir='ltr'><strong>re·</strong></span> 
     </span>
     <span class='ocr_line' id='line_1_26' title="bbox 118 2814 1132 2898; baseline -0.003 -20"><span class='ocrx_word' id='word_1_174' title='bbox 118 2820 192 2878; x_wconf 91' lang='lat' dir='ltr'><strong>citet</strong></span> <span class='ocrx_word' id='word_1_175' title='bbox 214 2835 309 2896; x_wconf 89' lang='lat' dir='ltr'><strong>usque</strong></span> <span class='ocrx_word' id='word_1_176' title='bbox 333 2817 369 2877; x_wconf 91' lang='lat' dir='ltr'><strong>ad</strong></span> <span class='ocrx_word' id='word_1_177' title='bbox 393 2818 635 2898; x_wconf 82' lang='lat' dir='ltr'><strong>satisfactionem3</strong></span> <span class='ocrx_word' id='word_1_178' title='bbox 659 2817 851 2876; x_wconf 85' lang='lat' dir='ltr'><strong>resectionem</strong></span> <span class='ocrx_word' id='word_1_179' title='bbox 870 2821 968 2875; x_wconf 91' lang='lat' dir='ltr'><strong>autem</strong></span> <span class='ocrx_word' id='word_1_180' title='bbox 987 2814 1046 2874; x_wconf 89' lang='lat' dir='ltr'><strong>cibi</strong></span> <span class='ocrx_word' id='word_1_181' title='bbox 1064 2823 1132 2894; x_wconf 93' lang='lat' dir='ltr'><strong>post</strong></span> 
     </span>
     <span class='ocr_line' id='line_1_27' title="bbox 119 2901 1173 2986; baseline -0.009 -20"><span class='ocrx_word' id='word_1_182' title='bbox 119 2907 245 2968; x_wconf 87' lang='lat' dir='ltr'><strong>fratrum</strong></span> <span class='ocrx_word' id='word_1_183' title='bbox 276 2906 468 2966; x_wconf 83' lang='lat' dir='ltr'><strong>refectionem</strong></span> <span class='ocrx_word' id='word_1_184' title='bbox 502 2905 582 2966; x_wconf 92' lang='lat' dir='ltr'><strong>solus</strong></span> <span class='ocrx_word' id='word_1_185' title='bbox 614 2907 755 2986; x_wconf 81' lang='lat' dir='ltr'><strong>accipiat,</strong></span> <span class='ocrx_word' id='word_1_186' title='bbox 786 2911 833 2985; x_wconf 83' lang='lat' dir='ltr'><strong>ut,</strong></span> <span class='ocrx_word' id='word_1_187' title='bbox 866 2905 892 2963; x_wconf 95' lang='lat' dir='ltr'><strong>si</strong></span> <span class='ocrx_word' id='word_1_188' title='bbox 923 2901 1007 2962; x_wconf 86' lang='lat' dir='ltr'><strong>verbi</strong></span> <span class='ocrx_word' id='word_1_189' title='bbox 1039 2905 1132 2981; x_wconf 85' lang='lat' dir='ltr'><strong>gratia</strong></span> <span class='ocrx_word' id='word_1_190' title='bbox 1148 2917 1173 2957; x_wconf 84' lang='lat' dir='ltr'><strong>ro</strong></span> 
     </span>
    </p>
   </div>
   <div class='ocr_carea' id='block_1_12' title="bbox 118 3127 1136 3555">
    <p class='ocr_par' dir='ltr' id='par_1_12' title="bbox 192 3127 821 3201">
     <span class='ocr_line' id='line_1_28' title="bbox 192 3127 821 3201; baseline -0.003 -17"><span class='ocrx_word' id='word_1_191' title='bbox 192 3135 225 3184; x_wconf 89' lang='grc'><strong>13</strong></span> <span class='ocrx_word' id='word_1_192' title='bbox 245 3129 332 3201; x_wconf 79' lang='lat' dir='ltr'><strong>adut]</strong></span> <span class='ocrx_word' id='word_1_193' title='bbox 352 3131 447 3184; x_wconf 79' lang='lat' dir='ltr'><strong>autem</strong></span> <span class='ocrx_word' id='word_1_194' title='bbox 465 3128 529 3183; x_wconf 83' lang='lat' dir='ltr'><strong>odd.</strong></span> <span class='ocrx_word' id='word_1_195' title='bbox 551 3127 574 3182; x_wconf 90' lang='lat'><em>0</em></span> <span class='ocrx_word' id='word_1_196' title='bbox 646 3134 680 3181; x_wconf 84' lang='lat'><strong>14</strong></span> <span class='ocrx_word' id='word_1_197' title='bbox 698 3128 773 3182; x_wconf 84' lang='lat' dir='ltr'><strong>lectu</strong></span> <span class='ocrx_word' id='word_1_198' title='bbox 790 3129 821 3182; x_wconf 83' lang='lat' dir='ltr'><strong><em>E</em></strong></span> 
     </span>
    </p>

    <p class='ocr_par' dir='ltr' id='par_1_13' title="bbox 118 3197 1136 3411">
     <span class='ocr_line' id='line_1_29' title="bbox 189 3197 1134 3268; baseline -0.004 -12"><span class='ocrx_word' id='word_1_199' title='bbox 189 3199 278 3256; x_wconf 83' lang='lat' dir='ltr'><strong><em>XXIII</em></strong></span> <span class='ocrx_word' id='word_1_200' title='bbox 297 3207 313 3253; x_wconf 92' lang='grc'>3</span> <span class='ocrx_word' id='word_1_201' title='bbox 333 3203 383 3254; x_wconf 85' lang='lat' dir='ltr'><strong>aut</strong></span> <span class='ocrx_word' id='word_1_202' title='bbox 403 3200 486 3255; x_wconf 82' lang='lat' dir='ltr'><strong>OSE</strong></span> <span class='ocrx_word' id='word_1_203' title='bbox 519 3197 564 3252; x_wconf 87' lang='lat' dir='ltr'><strong>vel</strong></span> <span class='ocrx_word' id='word_1_204' title='bbox 584 3198 610 3252; x_wconf 83' lang='grc' dir='ltr'><em>Τ</em></span> <span class='ocrx_word' id='word_1_205' title='bbox 688 3198 828 3253; x_wconf 85' lang='lat' dir='ltr'><strong>contrario</strong></span> <span class='ocrx_word' id='word_1_206' title='bbox 851 3197 1006 3252; x_wconf 83' lang='lat' dir='ltr'><strong>consistens</strong></span> <span class='ocrx_word' id='word_1_207' title='bbox 1029 3197 1071 3268; x_wconf 78' lang='lat' dir='ltr'><strong>(id</strong></span> <span class='ocrx_word' id='word_1_208' title='bbox 1096 3204 1134 3252; x_wconf 83' lang='lat' dir='ltr'><strong>eat</strong></span> 
     </span>
     <span class='ocr_line' id='line_1_30' title="bbox 119 3267 1132 3342; baseline -0.006 -15"><span class='ocrx_word' id='word_1_209' title='bbox 119 3272 172 3341; x_wconf 76' lang='grc' dir='ltr'><strong>ὤν,</strong></span> <span class='ocrx_word' id='word_1_210' title='bbox 195 3279 227 3327; x_wconf 82' lang='lat' dir='ltr'><strong>ut</strong></span> <span class='ocrx_word' id='word_1_211' title='bbox 245 3289 266 3327; x_wconf 86' lang='lat' dir='ltr'><strong>c.</strong></span> <span class='ocrx_word' id='word_1_212' title='bbox 283 3275 358 3338; x_wconf 79' lang='lat'><strong><em>25,5</em></strong></span> <span class='ocrx_word' id='word_1_213' title='bbox 390 3271 428 3325; x_wconf 85' lang='lat' dir='ltr'><strong>sit</strong></span> <span class='ocrx_word' id='word_1_214' title='bbox 449 3269 609 3342; x_wconf 84' lang='lat' dir='ltr'><strong>persistens.</strong></span> <span class='ocrx_word' id='word_1_215' title='bbox 646 3269 729 3324; x_wconf 81' lang='lat' dir='ltr'><strong>Aret.</strong></span> <span class='ocrx_word' id='word_1_216' title='bbox 744 3271 794 3324; x_wconf 90' lang='lat' dir='ltr'><strong><em>IX</em></strong></span> <span class='ocrx_word' id='word_1_217' title='bbox 806 3271 872 3339; x_wconf 77' lang='lat'><em>307)</em></span> <span class='ocrx_word' id='word_1_218' title='bbox 893 3269 942 3324; x_wconf 82' lang='lat' dir='ltr'><strong>OS</strong></span> <span class='ocrx_word' id='word_1_219' title='bbox 976 3267 1132 3323; x_wconf 83' lang='lat' dir='ltr'><strong>contrarius</strong></span> 
     </span>
     <span class='ocr_line' id='line_1_31' title="bbox 118 3339 1136 3411; baseline -0.003 -13"><span class='ocrx_word' id='word_1_220' title='bbox 118 3345 242 3399; x_wconf 80' lang='lat' dir='ltr'><strong>existens</strong></span> <span class='ocrx_word' id='word_1_221' title='bbox 264 3343 360 3397; x_wconf 82' lang='grc' dir='ltr'><strong>ΤΕΗ</strong></span> <span class='ocrx_word' id='word_1_222' title='bbox 433 3342 662 3396; x_wconf 73' lang='lat' dir='ltr'><strong>tammoneatur</strong></span> <span class='ocrx_word' id='word_1_223' title='bbox 679 3341 732 3395; x_wconf 80' lang='lat' dir='ltr'><strong>ST</strong></span> <span class='ocrx_word' id='word_1_224' title='bbox 806 3339 975 3411; x_wconf 76' lang='lat' dir='ltr'><strong>dsecundo]</strong></span> <span class='ocrx_word' id='word_1_225' title='bbox 993 3339 1136 3395; x_wconf 82' lang='lat' dir='ltr'><strong>iterumS</strong></span> 
     </span>
    </p>

    <p class='ocr_par' dir='ltr' id='par_1_14' title="bbox 191 3411 793 3485">
     <span class='ocr_line' id='line_1_32' title="bbox 191 3411 793 3485; baseline -0.005 -17"><span class='ocrx_word' id='word_1_226' title='bbox 191 3416 299 3468; x_wconf 81' lang='lat' dir='ltr'><strong>secreto</strong></span> <span class='ocrx_word' id='word_1_227' title='bbox 318 3416 359 3485; x_wconf 80' lang='lat' dir='ltr'><strong>(ut</strong></span> <span class='ocrx_word' id='word_1_228' title='bbox 376 3431 397 3469; x_wconf 86' lang='lat' dir='ltr'><strong>o.</strong></span> <span class='ocrx_word' id='word_1_229' title='bbox 413 3417 460 3481; x_wconf 83' lang='lat'><strong>27,</strong></span> <span class='ocrx_word' id='word_1_230' title='bbox 472 3414 499 3482; x_wconf 78' lang='lat'><strong>7)</strong></span> <span class='ocrx_word' id='word_1_231' title='bbox 521 3411 571 3466; x_wconf 81' lang='lat' dir='ltr'><strong>OS</strong></span> <span class='ocrx_word' id='word_1_232' title='bbox 605 3414 710 3466; x_wconf 86' lang='lat' dir='ltr'><strong>secrete</strong></span> <span class='ocrx_word' id='word_1_233' title='bbox 731 3411 793 3465; x_wconf 89' lang='grc' dir='ltr'><strong>ΤΗ</strong></span> 
     </span>
    </p>

    <p class='ocr_par' dir='ltr' id='par_1_15' title="bbox 191 3481 1136 3555">
     <span class='ocr_line' id='line_1_33' title="bbox 191 3481 1136 3555; baseline -0.003 -15"><span class='ocrx_word' id='word_1_234' title='bbox 191 3485 312 3542; x_wconf 77' lang='lat' dir='ltr'><strong>xxiva</strong></span> <span class='ocrx_word' id='word_1_235' title='bbox 332 3485 431 3555; x_wconf 87' lang='lat' dir='ltr'><strong>culpae</strong></span> <span class='ocrx_word' id='word_1_236' title='bbox 455 3487 484 3538; x_wconf 90' lang='lat' dir='ltr'><strong>et</strong></span> <span class='ocrx_word' id='word_1_237' title='bbox 503 3499 560 3537; x_wconf 87' lang='lat' dir='ltr'><strong>exc.</strong></span> <span class='ocrx_word' id='word_1_238' title='bbox 582 3482 645 3536; x_wconf 88' lang='grc' dir='ltr'><strong>ΤΗ</strong></span> <span class='ocrx_word' id='word_1_239' title='bbox 732 3488 747 3537; x_wconf 76' lang='grc' dir='ltr'><strong>ὅ</strong></span> <span class='ocrx_word' id='word_1_240' title='bbox 766 3482 873 3552; x_wconf 88' lang='lat' dir='ltr'><strong>pendat</strong></span> <span class='ocrx_word' id='word_1_241' title='bbox 893 3481 951 3536; x_wconf 83' lang='lat' dir='ltr'><strong>OE</strong></span> <span class='ocrx_word' id='word_1_242' title='bbox 985 3481 1090 3552; x_wconf 82' lang='lat' dir='ltr'><strong>pendet</strong></span> <span class='ocrx_word' id='word_1_243' title='bbox 1110 3481 1136 3537; x_wconf 85' lang='lat' dir='ltr'><em>T</em></span> 
     </span>
    </p>
   </div>
   <div class='ocr_carea' id='block_1_13' title="bbox 36 3549 471 3626">
    <p class='ocr_par' dir='ltr' id='par_1_16' title="bbox 36 3549 471 3626">
     <span class='ocr_line' id='line_1_34' title="bbox 36 3549 471 3626; baseline 0.005 -19"><span class='ocrx_word' id='word_1_244' title='bbox 36 3549 40 3557; x_wconf 77' lang='grc'><em>“</em></span> <span class='ocrx_word' id='word_1_245' title='bbox 119 3555 220 3623; x_wconf 87' lang='lat' dir='ltr'><strong>pendit</strong></span> <span class='ocrx_word' id='word_1_246' title='bbox 240 3557 279 3610; x_wconf 70' lang='lat' dir='ltr'><strong>s,</strong></span> <span class='ocrx_word' id='word_1_247' title='bbox 295 3557 419 3626; x_wconf 88' lang='lat' dir='ltr'><strong>pendeat</strong></span> <span class='ocrx_word' id='word_1_248' title='bbox 436 3556 471 3609; x_wconf 91' lang='lat' dir='ltr'><strong><em>H</em></strong></span> 
     </span>
    </p>
   </div>
   <div class='ocr_carea' id='block_1_14' title="bbox 173 3647 973 3707">
    <p class='ocr_par' dir='ltr' id='par_1_17' title="bbox 173 3647 973 3707">
     <span class='ocr_line' id='line_1_35' title="bbox 173 3647 973 3707; baseline 0.004 -14"><span class='ocrx_word' id='word_1_249' title='bbox 173 3653 296 3696; x_wconf 83' lang='lat' dir='ltr'><strong>Benedicti</strong></span> <span class='ocrx_word' id='word_1_250' title='bbox 309 3657 406 3707; x_wconf 79' lang='lat' dir='ltr'><strong>Regula.</strong></span> <span class='ocrx_word' id='word_1_251' title='bbox 957 3647 973 3696; x_wconf 84' lang='lat'><strong>3</strong></span> 
     </span>
    </p>
   </div>
   <div class='ocr_carea' id='block_1_15' title="bbox 0 0 1378 4108">
    <p class='ocr_par' dir='ltr' id='par_1_18' title="bbox 0 0 1378 4108">
     <span class='ocr_line' id='line_1_36' title="bbox 0 0 1378 4108; baseline 0 0"><span class='ocrx_word' id='word_1_252' title='bbox 0 0 1378 4108; x_wconf 95' lang='lat' dir='ltr'><strong> </strong></span> 
     </span>
    </p>
   </div>
  </div>
 </body>
</html>
