2746 4108
239 216 280 280 16
672 215 748 272 GAP.
762 215 808 270 VI.

235 364 405 446 exhibetur3
428 367 492 444 ipse
516 366 596 425 enim
619 364 706 425 dixit:
730 358 803 436 ‘Qui
826 381 877 424 vos
901 363 983 427 audit
1005 381 1053 426 me
1072 359 1178 425 audit.'
1208 365 1247 426 Et

194 471 222 512 ao
236 471 305 514 cum
327 453 405 514 bono
424 455 522 514 animo
546 453 683 532 praeberi
707 472 723 514 a
742 451 897 532 discipulis
921 459 1046 533 oportet,
1069 455 1138 532 quia
1162 449 1248 514 ‘hila-

236 561 300 604 rem
319 542 452 604 dalorem
470 541 568 621 diligit
586 537 694 623 Deus’3
717 559 786 603 nam
805 560 873 602 cum
891 540 968 602 malo
987 543 1085 602 animo
1109 544 1135 602 si
1159 541 1248 603 oboe-

236 631 280 692 dit
307 630 485 712 discipulus,
514 638 544 692 et
570 649 631 692 non
661 630 757 692 solum
785 649 836 690 ore
865 631 918 692 sed
941 633 1031 692 etiam
1054 632 1085 691 in
1108 631 1198 692 corde
1222 633 1251 692 si

236 722 471 802 murmoraverit,
493 722 610 781 etiamsi
632 719 753 800 impleat
775 721 948 800 iussionem,
968 726 1068 780 tamen
1091 727 1248 800 acceptum

236 811 294 870 iam
317 827 377 870 uon
400 811 458 870 erit
479 808 540 869 Deo
559 810 611 888 qui
634 827 686 869 cor
708 810 774 869 eius
802 810 924 888 respicit
946 816 1193 912 murmorantem,
1217 816 1249 870 et

196 918 224 958 ne
237 916 291 977 pro
320 895 409 958 talis
395 898 471 958 lacto
495 896 605 958 nullam
629 899 822 976 consequitur
845 898 982 977 gratiam,
1004 899 1095 957 immo
1118 915 1246 1007 poenam

237 989 483 1048 murmurantium
512 987 653 1085 incurrit,
679 989 788 1046 sinon
812 1004 880 1046 cum
903 980 1139 1047 satisfactione
1145 1004 1247 1047 ernen-

237 1075 358 1137 daverit.

489 1246 538 1300 VI.
566 1245 628 1300 DE
646 1244 999 1300 TAOETURNITATE.

298 1374 453 1437 Faciamus
484 1375 562 1456 quod
595 1377 636 1437 ait
667 1376 824 1457 propheta:
861 1370 956 1436 ‘Dixi2
989 1375 1153 1436 custodiam
1185 1377 1248 1436 vias

238 1483 331 1546 meas,
358 1471 392 1526 ut
418 1483 478 1526 non
506 1464 676 1544 delinquam
704 1467 736 1526 in
763 1463 862 1543 lingua
892 1481 970 1545 mea3
997 1466 1085 1543 posui
1112 1466 1158 1524 ori
1181 1482 1248 1525 meo

238 1553 415 1634 custodiam,
443 1552 578 1616 obmutui
605 1561 636 1615 et
657 1551 829 1615 humiliatus
853 1571 918 1614 sum
947 1560 978 1613 et
1000 1552 1069 1613 silui
1098 1571 1114 1612 a
1136 1549 1269 1613 bonis.’⁴

209 1641 293 1704 allio
311 1642 441 1703 ostendit
459 1642 615 1723 propheta:
635 1645 661 1703 si
680 1642 797 1704 abonis
812 1640 938 1722 eloquiis
957 1641 1107 1702 interdum
1124 1649 1249 1722 propter

237 1733 468 1792 taciturnitatem
496 1730 584 1792 debet
610 1733 717 1812 taceri,
747 1739 856 1810 quanto
879 1732 973 1809 magis
996 1748 1012 1790 a
1038 1729 1125 1791 malis
1149 1730 1249 1791 verbis

238 1826 360 1900 propter
383 1838 509 1899 poenam
531 1822 645 1900 peccati
668 1819 757 1880 debet
779 1821 898 1880 cessari.

303 1907 381 1987 Ergo
405 1911 538 1988 quamvis
562 1907 708 1970 debonis
736 1916 766 1968 et
793 1911 904 1970 sanctis
927 1908 1165 1968 aedificationum
1187 1906 1247 1968 elo·

238 1999 316 2077 quiis
340 1997 480 2077 perlectis
509 1996 663 2077 discipulis
689 2004 812 2077 propter
841 1998 1050 2058 taciturnitatis
1074 1998 1248 2075 gravitatem

198 2107 224 2147 1o
238 2105 305 2147 rara
327 2085 468 2167 loquendi
491 2086 669 2148 concedatur
692 2085 824 2166 licentia,
848 2088 917 2165 quic
940 2088 1084 2165 scriptum
1107 2092 1166 2145 est:
1200 2079 1250 2145 ‘ln

238 2174 425 2254 multiloquio
449 2193 509 2236 non
528 2175 651 2254 effugies
669 2170 854 2256 peccatum';
877 2182 907 2235 et
925 2173 1008 2235 alibi:
1032 2168 1122 2234 ‘Mors
1141 2181 1171 2234 el
1189 2176 1249 2234 vita

238 2265 269 2324 in
301 2263 438 2324 manibus
472 2259 614 2342 linguae?
659 2262 734 2324 Nam
763 2262 845 2342 loqui
877 2270 907 2323 et
936 2264 1043 2324 docere
1073 2264 1249 2342 magistrum

239 2351 394 2432 condecet,
417 2359 516 2413 tacere
545 2360 574 2414 et
602 2351 705 2414 audire
728 2351 906 2430 discipulum
930 2353 1076 2412 convenit.
1121 2349 1158 2411 Et
1181 2351 1248 2411 ideo

242 2441 268 2500 si
291 2459 348 2519 qua
372 2441 551 2518 requirenda
575 2449 683 2502 sunta
706 2442 815 2520 priore,

198 2549 224 2590 15
284 2521 329 2612 (a)
354 2547 421 2589 cum
447 2547 561 2590 summa
580 2548 717 2590 reveren·
816 2522 865 2612 (b)
889 2547 956 2589 curn
980 2530 1060 2589 omni
1083 2527 1249 2589 humilitate
1361 2551 1365 2593 :

237 2617 278 2676 tia
293 2665 299 2677 .
315 2664 336 2698 .,
354 2635 392 2678 ne
406 2617 541 2678 videatur
554 2617 621 2698 plus
636 2617 718 2697 loqui
773 2624 803 2678 et
839 2617 1022 2678 subiectione
1064 2618 1249 2678 reverentiae
1361 2678 1364 2691 ,

238 2724 326 2784 quam
351 2706 477 2785 expedit.
773 2709 971 2785 requirantur.

239 2793 439 2855 Scurrilitates
475 2813 545 2855 vero
581 2794 628 2856 vel
663 2794 753 2856 verba
786 2797 879 2855 otiosa
911 2802 942 2856 et
973 2796 1067 2855 risum
1100 2797 1250 2856 moventia

238 2890 358 2944 aeterna
377 2881 512 2944 clausura
535 2885 566 2944 in
590 2883 727 2944 omnibus
754 2882 828 2944 locis
852 2883 1038 2965 damnamuS,
1064 2891 1094 2945 et
1121 2883 1157 2944 ad
1180 2883 1251 2945 talia

198 2995 225 3035 ao
240 2971 357 3052 eloquia
380 2971 558 3052 discipulum
581 2975 697 3052 aperire
721 2990 754 3032 os
777 2990 837 3033 non
859 2975 1067 3052 permittimus.

311 3202 345 3250 30
364 3213 381 3250 a
400 3196 467 3252 disc.
482 3195 615 3279 praeberi
634 3196 686 3251 ST
756 3202 788 3250 31
808 3197 882 3251 malo
904 3197 967 3252 ost
1001 3197 1074 3251 bono
1096 3198 1121 3251 Τ

310 3267 347 3324 VI
366 3275 382 3322 6
401 3267 490 3323 taceri
509 3268 565 3324 Sot
601 3270 694 3322 tacere
715 3266 770 3323 OT
835 3273 851 3321 8
873 3271 902 3323 et
921 3268 1147 3322 aedificationum
1164 3268 1217 3323 ST

241 3345 274 3392 12
294 3341 323 3393 et
341 3338 418 3408 loqui
439 3340 461 3395 0
516 3346 548 3394 15
568 3357 631 3392 cnm
647 3356 755 3393 summa
768 3339 943 3394 reverentia
960 3339 1095 3422 expedit
1110 3339 1160 3394 OS
1177 3341 1253 3420 (post

239 3409 396 3534 peverpptia
414 3412 543 3468 excidisse
557 3412 664 3466 videtur
677 3411 864 3481 requirentur)
897 3427 960 3464 oum
974 3410 1070 3466 omni.
1086 3410 1252 3479 .requiran-

255 3499 288 3534 ur
