2746 4108
528 209 743 264 cmxxvur.
1099 212 1142 277 35

124 353 230 420 tibus'
272 357 309 418 Et
332 357 400 418 ideo
422 360 467 419 uti
490 357 579 419 debet
602 358 788 418 omnimodo
807 366 840 420 ut
859 361 976 438 sapiens
995 359 1141 421 medicus:
1169 375 1182 416 s

124 449 279 508 inmittere
309 445 408 526 [quasi
436 446 567 508 occultos
595 446 809 525 consolatores]
838 456 1006 529 senpectas,
1038 447 1069 508 id
1097 457 1143 510 est

125 539 263 597 seniores
296 538 444 615 sapientes
477 535 583 596 fratres
615 538 667 615 qui
697 538 782 614 quasi
809 543 924 597 secreto
952 536 1143 598 consolentur

124 626 250 686 tratrem
264 624 457 686 fluctuantem
469 631 499 684 et
508 631 669 704 provocent
680 625 716 685 ad
726 624 900 686 humilitatis
910 626 1142 687 satisfactionem

126 722 159 774 et
178 713 370 775 consolentur
384 731 461 794 eum,
480 709 529 774 ‘ne
544 713 777 774 habundantiore
792 715 914 775 tristitia
927 711 1141 796 absorbeatur',

125 803 194 884 sed,
221 804 299 863 sicut
322 803 363 862 ait
384 801 464 862 idem
487 801 650 883 apostoluS,
673 798 877 863 ‘confirmetur
898 805 930 862 in
953 821 988 864 eo
1013 799 1141 884 caritas',
1157 819 1182 858 10

127 899 159 952 et
179 899 281 952 oretur
299 909 354 970 pro
373 909 408 951 eo
427 890 463 952 ah
483 890 628 951 omnibus.
665 891 841 972 Magnopere
861 893 940 951 enim
959 891 1047 952 dehet
1061 891 1141 952 solli-

127 981 291 1041 citudinem
324 997 428 1058 gerere
461 979 550 1040 ahbas
583 987 613 1040 et
645 983 726 1041 omni
753 983 910 1059 sagacitate
939 987 969 1040 et
995 980 1141 1041 industria

128 1087 262 1150 currere,
280 1087 318 1129 ne
337 1067 464 1147 aliquam
483 1068 520 1129 de
540 1067 643 1128 ovibus
663 1068 721 1128 sihi
735 1069 857 1130 creditis
871 1069 983 1148 perdat.
1020 1068 1142 1129 Noverit

128 1160 209 1218 enim
230 1175 262 1218 se
281 1157 466 1218 infirmarum
484 1174 586 1217 curam
605 1159 773 1236 suscepisse
787 1160 960 1239 animarum,
978 1176 1037 1219 non
1052 1176 1141 1237 super

128 1265 215 1308 sanas
234 1246 434 1328 tyrannidem3
452 1252 483 1306 et
500 1253 612 1306 metuat
630 1246 791 1326 prophetae
810 1248 1069 1308 comminationem
1086 1265 1141 1326 per
1156 1261 1181 1301 15

128 1354 218 1414 quam
238 1335 311 1395 dicit
328 1333 420 1396 Deus:
445 1331 541 1406 ‘Quod
560 1352 694 1396 crassum
712 1334 867 1416 videbatis,
885 1335 1093 1416 adsumehatis,
1113 1343 1142 1396 et

127 1423 207 1502 quod
232 1423 329 1484 debile
353 1431 424 1504 erat,
446 1418 663 1504 proiciebatis';
687 1429 717 1483 et
738 1425 866 1501 pastoris
885 1423 956 1484 boni
974 1426 1057 1504 pium
1075 1427 1141 1484 imi·

126 1520 207 1573 tetur
235 1511 417 1593 exemplum,
445 1513 496 1590 qui
523 1510 637 1572 relictis
659 1511 786 1572 XCVllll
809 1510 913 1572 ovibus
936 1514 968 1572 in
991 1512 1141 1574 montibus

127 1601 201 1662 abiit
221 1619 312 1661 unam
330 1619 414 1661 ovem
433 1619 508 1680 quae
528 1607 678 1661 erraverat
696 1618 849 1682 quaerere,
872 1602 957 1661 ouius
976 1603 1142 1662 infirmitati

126 1692 158 1750 in
185 1697 301 1750 tantum
328 1706 490 1769 conpassus
518 1696 577 1770 cst,
607 1696 641 1750 ut
667 1707 732 1750 eam
759 1691 791 1749 in
818 1691 911 1750 sacris
937 1692 1050 1751 umeris
1078 1692 1140 1751 suis
1155 1708 1181 1748 ao

128 1778 303 1858 dignaretur
325 1780 469 1858 inponere
492 1785 523 1837 ct
546 1779 589 1838 sio
612 1785 765 1857 reportare
788 1777 825 1838 ad
848 1796 976 1857 gregem.

221 1966 370 2022 XXVIII.
398 1965 460 2020 DE
475 1966 549 2021 HIS
567 1965 640 2036 QUI
653 1965 827 2022 SAEPIUS
844 1965 1050 2022 OORREPI'I

371 2055 615 2111 EMENDARE
632 2055 666 2110 N
666 2055 895 2112 OLUERUNT.

167 2213 185 2234 „.
195 2170 227 2231 Si
250 2171 317 2248 quis
340 2168 431 2228 trater
455 2168 628 2248 frequenter
646 2173 802 2247 correptus
821 2186 876 2247 pro
895 2165 1026 2246 qualibet
1045 2165 1140 2248 culpa,

129 2261 155 2318 si
178 2261 267 2320 etiam
290 2259 563 2318 excommunicatus
585 2273 645 2316 non
664 2255 873 2338 emendaverit,
896 2259 992 2317 acrior
1011 2258 1039 2316 ei
1058 2274 1141 2316 acce·

129 2348 178 2409 dat
205 2347 366 2426 correptio,
393 2345 424 2405 id
452 2352 498 2406 cst
520 2353 554 2406 ut
575 2344 733 2406 verberum
755 2345 902 2406 vindictae
925 2347 957 2405 in
980 2363 1049 2405 eum
1071 2363 1139 2424 pro·
1168 2361 1181 2400 ⁵

129 2437 242 2498 cedant.
289 2433 372 2506 Quod
396 2436 423 2494 si
445 2452 501 2495 nec
524 2435 564 2494 ita
588 2436 753 2494 correxerit
775 2441 826 2494 aut
848 2434 934 2516 forte,
957 2433 1035 2513 quod
1055 2433 1140 2516 absit,

128 2529 159 2586 in
187 2523 358 2604 superbiam
385 2521 478 2583 elatus
506 2525 594 2583 etiam
622 2522 781 2584 defendere
808 2522 935 2584 voluerit
963 2541 1052 2602 opera
1078 2541 1141 2604 sua,

128 2623 200 2676 tunc
214 2611 304 2674 abbas
319 2612 406 2672 saciat
420 2611 498 2690 quod
514 2613 632 2691 sapiens
646 2611 792 2672 medicus:
813 2613 839 2672 si
853 2611 988 2672 exhihuit
1003 2611 1141 2693 tomenta,

129 2707 155 2764 si
182 2709 332 2782 unguenta
360 2700 610 2782 adhortationum,
643 2703 669 2761 si
696 2700 892 2762 medicamina
920 2700 1141 2779 Scripturarum

127 2843 339 2853 ......-—--—-

199 2925 317 2996 tiquesi
343 2941 367 2980 o.
391 2925 580 2980 consolatores
601 2924 689 2980 0811
708 2925 806 2982 eins
875 2925 1020 2994 senpectas
1054 2923 1086 2978 id
1103 2929 1141 2978 eet

130 2998 316 3068 sympaectae)
341 2996 461 3052 OSTH.
500 2997 541 3064 Of.
562 2997 652 3065 praef.
668 3013 714 3066 pp.
730 2997 782 3050 XI
868 3002 883 3049 7
908 2997 1014 3049 secreto
1062 3001 1073 3049 t
1100 2995 1141 3064 (ot

128 3073 173 3138 23,
183 3071 211 3140 6)
248 3070 354 3122 secrete
374 3067 466 3123 OTH
552 3066 788 3122 tebundantiori
808 3068 834 3120 T
848 3067 888 3120 11
895 3066 1013 3121 Corinth.
1023 3068 1080 3133 2,7

129 3140 313 3195 obsorbeatur
333 3139 357 3194 Τ
441 3145 474 3192 13
494 3154 603 3192 currere
624 3138 679 3192 OT
695 3141 737 3208 (ut
754 3139 832 3193 conce
845 3137 1006 3206 pastoralis)
1043 3150 1140 3190 curare

129 3212 180 3268 ST
196 3228 265 3267 corr.
283 3211 319 3265 H
388 3215 421 3264 15
441 3209 571 3264 adsumat
589 3211 664 3278 (post
680 3207 869 3332 tyrannidenpp
888 3208 951 3262 odd.
970 3205 1033 3261 SO¹

198 3281 311 3339 XXVIII
330 3287 344 3336 1
363 3281 413 3335 DE
430 3279 545 3334 HIISO
579 3279 730 3334 DENISS
782 3278 843 3332 ill
868 3277 1028 3331 LUERINT
1046 3276 1100 3332 ST

129 3361 144 3409 5
162 3354 304 3408 vindictae
326 3353 425 3421 scripsi
442 3369 503 3406 cum
522 3350 558 3418 0,
581 3368 746 3432 quamquam
763 3367 892 3404 uwnaerus
906 3349 1028 3418 pluralis
1046 3348 1139 3403 admo·

129 3426 330 3486 demittentem
347 3429 398 3478 eet:
415 3421 610 3476 vindictemS
642 3420 768 3475 vindicta
788 3420 850 3474 ΤΗ
917 3419 1071 3490 procedant
1091 3419 1142 3474 OS

148 3497 262 3550 rocedet
281 3494 344 3549 ΤΗ
431 3500 445 3547 7
464 3493 494 3546 in
518 3491 649 3562 superbia
670 3492 742 3546 TH:
769 3494 803 3560 cf.
822 3492 1090 3560 Ammiou.14,1,1
1110 3490 1140 3544 in

130 3513 218 3620 fastus
237 3565 339 3635 efferri3
358 3565 440 3621 Eutr.
452 3569 525 3633 &12
543 3563 580 3618 ad
598 3562 779 3618 insolentiam
797 3562 887 3618 elatus

943 3652 977 3704 3*
