2746 4108
480 238 692 292 PRAEFATIO.
1051 238 1090 291 XI

91 387 135 448 lim
165 388 295 449 scribere
324 383 504 468 ‘obtendit'3
532 380 615 468 etc.);
649 405 684 446 eo
713 389 829 466 saepius
862 386 898 448 de
931 387 1088 447 verborum

90 477 185 537 lormis
203 484 322 556 totaque
341 478 488 536 sermonis
506 475 605 536 indole
619 475 778 535 dubitatur.
815 474 912 536 Veluti
928 495 989 555 cap.
1004 473 1087 556 2l,6

90 565 180 626 editur
214 565 294 626 nulla
331 564 465 625 codicum
502 564 639 624 adnotata
676 563 873 642 discrepantia
910 559 1087 624 ‘immittere

89 650 330 734 sympaectas',
357 660 451 734 recte,
479 652 514 712 ad
543 654 721 713 sententiam
749 652 882 733 quidem3
913 652 1088 713 vocabulum

89 745 161 802 enim
184 742 388 823 συμπαίκτης
415 760 431 801 1
453 741 599 819 palaestra
626 739 799 802 translatum
830 748 875 801 est
898 741 934 801 ad
957 741 1087 820 discipli·

88 849 150 891 nam
173 831 219 890 vel
242 830 379 892 militiam
402 829 621 890 monachorum.
663 829 737 890 Cum
760 836 858 890 autem
882 832 913 890 in
937 830 1089 890 codicibus

86 921 290 980 vetustissimis
323 918 464 979 traditum
500 921 539 978 sit
576 914 806 998 ‘senpectas'‚
845 918 874 978 id
907 936 967 978 non
1001 919 1087 978 modo

85 1007 306 1088 restituendum,
329 1007 381 1067 sed
405 1007 507 1067 falsam
530 1006 768 1086 orthographiam
792 1025 828 1066 ex
847 1025 882 1067 eo
904 1015 998 1067 ortam
1022 1025 1087 1067 esse

85 1103 210 1175 apparet,
233 1098 302 1174 quia
324 1098 423 1156 senis
441 1095 614 1157 vocabulum
633 1094 724 1156 latere
744 1113 900 1174 perperam
919 1095 978 1156 sibi
996 1097 1087 1174 linge-

83 1183 157 1245 bant.
194 1181 292 1256 Quid?
325 1184 403 1263 quod
430 1183 608 1245 Benedictus
635 1185 699 1262 ipse
723 1185 766 1244 sic
788 1187 898 1262 pergit:
926 1180 964 1244 ‘s
988 1184 1019 1244 id
1043 1191 1088 1244 est

84 1275 214 1333 seniores
238 1275 386 1352 sapientes
409 1270 541 1353 iratres'‚
565 1271 672 1350 quibus
695 1271 794 1332 verbis
812 1273 986 1334 vocabidum
1005 1291 1087 1352 grae-

83 1380 148 1422 cum
170 1364 390 1440 interpretatur.
428 1361 516 1422 Plane
540 1359 629 1421 simili
652 1360 739 1421 modo
763 1362 794 1420 iu
813 1360 899 1440 Corp.
923 1361 1010 1440 gloss.
1032 1362 1086 1422 vol.

82 1447 418 1531 loculamentum
442 1458 501 1510 est:
524 1449 634 1510 senodo
659 1441 716 1532 (=
736 1443 876 1531 syuodo):
899 1454 1087 1529 congregotio

82 1557 191 1599 senum.
215 1539 238 1597 V
266 1537 345 1618 331,
365 1535 415 1600 39.
456 1538 527 1598 Inde
561 1539 761 1599 coniecturam
794 1539 907 1618 capias,
940 1558 997 1617 qua
1029 1540 1087 1600 fide

81 1627 184 1706 dignae
214 1630 274 1687 siut
297 1627 442 1688 editiones
465 1634 591 1687 nostrae.
633 1625 713 1686 Adeo
742 1628 821 1685 enim
843 1644 903 1686 non
927 1627 1089 1689 excellebat

82 1716 108 1776 S.
132 1716 311 1776 Benedictus
335 1715 479 1795 elegantia
497 1714 638 1794 Tulliana,
661 1721 694 1774 ut
716 1714 808 1775 multo
832 1717 925 1794 magis
949 1717 1088 1795 indagan-

82 1804 150 1866 dum
174 1807 222 1885 sit7
246 1811 391 1883 quatenus
414 1803 571 1864 indulserit
590 1805 720 1864 sermoni
739 1802 859 1882 vulgari.
897 1805 955 1864 Sed
979 1806 1015 1866 de
1033 1806 1088 1866 bac

80 1912 111 1953 re
131 1893 203 1954 alias
227 1893 342 1953 dicetur
365 1892 501 1972 uberius3
529 1893 649 1952 interim
671 1890 813 1970 Regulam
841 1892 877 1952 ad
900 1893 989 1953 tidem
1013 1897 1088 1974 opti-

79 1999 196 2042 morum
224 1981 358 2042 codicum
386 1988 517 2042 exactam
548 1983 579 2041 iu
607 1980 738 2040 medium
764 1980 924 2059 protulisse
953 1983 1086 2043 sufficiat.

78 2069 288 2131 Recentiorum
307 2069 442 2131 codicum
464 2069 551 2148 plane
570 2068 649 2130 nulla
668 2077 714 2128 est
728 2071 897 2150 auctoritas,
916 2072 993 2151 quia,
1013 2090 1087 2149 quae

79 2161 225 2219 sermonis
252 2157 380 2237 vulgaris
409 2165 479 2219 sunt
501 2160 620 2238 propria
644 2164 694 2218 aut
716 2157 772 2217 alio
796 2160 916 2218 nomine
939 2159 1087 2240 notabilia,

77 2256 211 2309 correcta
234 2255 304 2308 sunt
321 2247 357 2308 ad
372 2265 505 2307 normam
518 2246 671 2307 Prisciani.
699 2245 881 2306 Documento
897 2249 956 2308 siut
969 2248 1001 2308 bi
1015 2247 1087 2308 loci:

291 2389 374 2449 codd.
398 2391 509 2468 optimi.
812 2391 1003 2450 recentiores.

111 2497 205 2576 prael.
261 2492 402 2555 6sermo
426 2494 499 2554 mibi
522 2494 661 2572 dirigitur
807 2512 829 2553 s.
853 2511 938 2554 meus
961 2495 1015 2556 dir.

175 2581 206 2665 5,
237 2580 282 2644 34
305 2602 356 2644 cor
379 2591 613 2644 murmurantem
805 2601 829 2643 o.
852 2587 1065 2645 murmurantis

177 2670 281 2754 7,104
304 2671 400 2732 revela
424 2673 460 2732 ad
484 2672 635 2732 dominum
803 2690 825 2730 r.
850 2671 969 2732 domino

155 2760 206 2840 11,
239 2758 279 2821 11
303 2768 371 2840 post
394 2761 501 2840 quibus
802 2767 871 2839 post
894 2779 969 2839 quae

155 2846 206 2928 17,
262 2847 279 2908 1
306 2852 408 2928 quanti
430 2849 537 2929 psalmi
802 2857 874 2926 quot
896 2849 1001 2928 psalmi

154 2933 206 3016 28,
240 2933 280 2997 18
305 2956 342 2997 ne
367 2939 429 2998 ovis
451 2937 585 2998 morbida
609 2941 755 3016 contagiet
805 2940 985 2999 contaminet

154 3021 208 3106 53,
240 3021 281 3086 37
307 3024 464 3086 oboediant
486 3028 638 3106 imperatis
806 3028 963 3104 imperanti

154 3111 206 3194 61,
261 3109 281 3173 5
306 3115 331 3173 si
355 3120 512 3174 contentus
535 3123 580 3174 est
802 3117 835 3173 si.
860 3115 998 3176 eluerit

155 3200 207 3284 64,
241 3198 281 3263 15
305 3221 320 3261 e
344 3201 460 3261 diverso
802 3206 998 3264 econtrario.

72 3309 186 3369 Verum
217 3311 369 3369 mittamus
401 3307 474 3367 baec
502 3307 736 3384 interpolationis
765 3325 881 3384 genera.
928 3308 1084 3378 Quotiens·

74 3415 195 3476 cunque
220 3404 318 3457 autem
341 3397 431 3456 editio
455 3395 545 3456 altera
568 3395 667 3455 dillert
690 3414 705 3454 1
725 3387 879 3477 priore*),
904 3414 975 3456 num
998 3399 1086 3459 buius

150 3587 174 3657 ⁸)
193 3585 322 3640 Fortasse
336 3588 393 3640 tres
408 3584 543 3640 editiones
559 3584 774 3655 distinguendae
784 3586 856 3638 sunt.
880 3584 973 3640 Prima
983 3587 1086 3658 scripta
