2746 4108
217 172 262 236 36
576 170 765 226 emaum.
784 171 884 244 ΧΠ]

179 335 205 376 10
219 321 394 402 divinarum,
418 323 445 380 si
468 320 505 380 ad
527 319 666 381 ultimum
688 321 837 380 ustionem
856 323 1171 382 excommunicationis
1189 322 1237 382 vel

219 409 371 489 plagarum
391 411 491 488 virgae
510 411 608 489 etiam,
632 441 674 450 —
699 410 726 468 si
744 409 853 469 viderit
871 409 946 469 nihil
964 427 1048 470 suam
1066 409 1237 488 praevalere

218 498 405 580 industriam,
424 497 561 559 adhibeat
576 500 674 578 etiam,
688 496 767 576 quod
782 499 877 559 maius
892 505 946 579 est,
962 517 1045 558 suam
1059 506 1089 558 et
1103 501 1238 560 omnium

219 587 344 648 fratrum
372 605 427 666 pro
455 605 490 648 eo
521 589 697 666 orationem,
726 592 758 646 ut
785 585 941 668 Dominus,
970 589 1021 666 qui
1049 590 1237 667 omnipotens

220 683 274 755 est,
292 683 433 754 operetur
453 675 579 736 salutem
598 676 677 735 circa
695 675 848 736 infirmum
866 676 996 736 fratrem.
1034 675 1117 747 Quod
1138 679 1164 736 si
1180 695 1237 738 nec

181 777 206 819 15
219 765 277 824 isto
300 763 387 824 modo
412 771 532 825 sanatus
556 764 654 844 luerit,
677 770 749 824 tunc
767 765 826 824 iam
844 771 944 824 utatur
963 763 1052 825 abbas
1071 765 1151 826 ferro
1171 765 1237 826 abs-

220 855 354 935 cisionis,
386 860 419 914 ut
447 855 489 913 ait
517 851 680 931 apostolus:
709 848 840 912 ‘Auferte
870 852 981 913 malum
1008 872 1044 914 ex
1071 851 1180 934 vobis',
1208 863 1239 914 et

220 943 342 1002 iterum:
361 938 505 1002 ‘infidelis
524 943 550 1000 si
568 940 704 1021 discedit,
724 937 877 1022 discedat’,
895 959 933 1002 ne
952 960 1011 1003 una
1026 944 1088 1002 ovis
1103 941 1236 1003 morbida

220 1047 338 1091 omnem
361 1048 481 1109 gregem
504 1031 665 1108 contagiet.

245 1252 362 1308 XXIX.
390 1252 433 1308 SI
446 1251 650 1308 DEBEANT
666 1252 836 1308 ITERUM
852 1253 998 1308 REOIPI
1013 1253 1205 1310 FRATRES

428 1339 655 1397 EXEUNTES
672 1341 734 1395 DE
751 1341 1026 1398 MONASTERIO.

285 1471 389 1532 Frater
410 1475 461 1552 qui
479 1475 600 1553 proprio
618 1475 690 1534 vitio
710 1473 862 1551 egreditur
881 1481 932 1534 aut
949 1476 1096 1552 proicitur
1114 1473 1151 1534 de
1170 1492 1234 1534 mo·

219 1564 358 1642 naslerio,
382 1564 407 1622 si
430 1565 540 1623 reverti
562 1561 698 1642 voluerit,
722 1561 865 1640 spondeat
886 1565 972 1642 prius
995 1581 1113 1623 omnem
1133 1581 1236 1624 emen-

193 1649 368 1716 odationem
394 1653 459 1710 vitii
483 1669 538 1729 pro
562 1669 619 1729 quo
643 1668 782 1728 egressus
806 1659 864 1732 est3
893 1653 936 1712 sic
958 1653 990 1711 in
1013 1651 1116 1712 ultimo
1141 1651 1235 1730 gradu

219 1741 393 1820 recipiatur,
421 1746 453 1800 ut
481 1758 517 1800 ex
540 1739 596 1800 hoc
619 1741 684 1800 eius
707 1738 858 1800 humilitas
882 1740 1100 1819 comprobetur.
1147 1739 1232 1812 Quod

221 1829 247 1888 si
273 1827 369 1888 denuo
398 1831 517 1908 exierit,
546 1845 641 1906 usque
668 1830 757 1888 tertio
784 1830 825 1888 ita
852 1830 1013 1908 recipiatur
1040 1831 1098 1888 iam
1126 1837 1230 1909 postea

220 1918 329 1998 sciens¹
342 1935 459 1978 omnem
483 1917 541 1976 sibi
563 1918 742 1978 reversionis
766 1917 877 1978 aditum
901 1917 1049 1996 denegari.

256 2140 355 2195 XXX.
383 2140 445 2196 DE
462 2139 614 2195 PUERIS
631 2139 791 2195 MINORI
805 2139 974 2194 AETATE
993 2140 1202 2211 QUALITER

570 2228 885 2284 OORRIPIANTUR.

288 2358 391 2419 Omnis
413 2367 492 2419 aetas
511 2359 558 2420 vel
575 2360 743 2422 intellectus
761 2363 897 2440 proprias
917 2361 1005 2422 debet
1023 2361 1133 2423 habere
1152 2361 1235 2424 men-

223 2465 322 2528 suras3
340 2448 466 2526 ideoque
486 2451 622 2527 quotiens
640 2451 728 2529 pueri
745 2449 792 2510 vel
810 2449 1056 2512 aduliscentiores
1076 2459 1170 2512 aetate
1186 2459 1238 2513 aut

196 2538 274 2615 equi
292 2538 391 2596 minus
410 2535 581 2615 intellegere
596 2546 729 2620 possunt,
749 2545 857 2616 quanta
870 2556 966 2617 poena
981 2541 1019 2599 sit
1034 2543 1238 2602 excommuni-

222 2627 356 2706 cationis,
379 2659 421 2667 -
445 2620 494 2684 *hi
516 2625 598 2708 laleS,
622 2627 692 2687 dum
716 2626 900 2708 delinquunt,
923 2634 974 2688 aut
995 2630 1116 2690 ieiuniis
1136 2632 1237 2690 nimiis

223 2713 398 2792 adfligantur
421 2723 471 2774 aut
498 2717 574 2774 acris
597 2714 771 2776 verberibus
795 2723 1001 2797 coerceantur,
1029 2725 1063 2777 ut
1086 2727 1237 2780 sanentur.

295 2907 328 2954 10
352 2901 491 2958 ustionem
511 2903 537 2956 T
571 2902 729 2957 ...ionem
756 2904 843 2958 tribes
871 2905 967 2960 litteris
990 2905 1116 2960 erasisS
1154 2905 1239 2961 ultio·

223 2988 287 3026 nem
308 2973 330 3028 0
352 2980 511 3042 corruptum
531 2989 564 3028 ec
581 2971 713 3027 ultimum
804 2981 835 3028 11
854 2975 954 3046 plagas
972 2975 1144 3046 virgarumt
1178 2977 1239 3046 pla·

224 3061 323 3115 garum
341 3043 483 3114 virgarum
499 3044 535 3098 H
613 3050 645 3098 13
665 3045 759 3099 omnia
776 3049 871 3115 potest
889 3047 925 3102 St
1006 3053 1038 3101 15
1059 3047 1238 3102 abscissionis

223 3133 288 3171 rece.
328 3115 368 3183 Of.
388 3116 471 3170 Arcto.
487 3116 514 3170 V
525 3119 577 3170 531
652 3122 685 3170 18
705 3117 858 3189 contagiet]
878 3118 922 3172 vel
941 3117 1113 3172 contaminet
1132 3126 1143 3174 t

295 3186 382 3243 XXIX
401 3193 416 3240 3
437 3190 487 3241 aut
508 3187 643 3258 proicitur
664 3187 726 3242 OH
759 3191 809 3242 aut
829 3188 984 3258 proiciatur
1005 3189 1040 3243 0¹
1058 3207 1159 3244 rasura
1177 3191 1239 3246 tott-

225 3257 284 3314 dem
303 3260 456 3314 litterarum
472 3258 545 3314 ircS
570 3275 620 3314 om.
643 3259 668 3312 T
737 3264 753 3312 5
772 3258 835 3314 vitii
856 3259 918 3314 OH
937 3261 968 3314 ia
987 3261 1125 3316 Srosura
1144 3278 1194 3316 om.
1216 3262 1242 3316 T

295 3329 335 3384 sic
357 3329 406 3384 OS
440 3329 530 3384 etsie
551 3329 633 3386 TeH

295 3401 369 3456 XXX
388 3407 404 3455 6
424 3400 466 3454 hii
484 3401 537 3456 ST
607 3403 657 3454 aut
675 3417 724 3456 om.
744 3400 767 3457 S
838 3408 852 3456 7
873 3401 983 3456 acribus
1001 3419 1067 3458 rece.
