2746 4108
458 231 670 288 PRAEFATIO.
1003 233 1069 288 XHI

65 386 155 440 aetate
178 380 336 442 verborum
358 378 518 440 latinorum
536 379 647 442 formae
666 380 846 442 desciverint
868 380 905 442 ab
924 380 1068 460 elegantia

64 467 213 530 Ciceronis
236 476 266 530 et
290 486 377 548 quam
399 485 492 548 prope
515 470 698 530 accesserint
720 468 756 530 ad
779 487 881 530 earum
899 468 1067 548 linguarum

63 555 199 638 indolem,
221 575 279 637 qua
302 556 390 620 bodie
414 563 538 618 utuntur
555 555 630 638 ltali,
652 556 844 639 Francogalli,
866 557 999 638 Hispani.
1030 558 1069 620 [lt

63 665 127 708 cum
154 645 241 708 aliam
268 647 413 708 rationem
445 647 531 725 sequi
557 644 645 711 liccat
677 645 828 727 theologo,
860 645 946 708 aliam
972 646 1067 726 pbilo-

62 733 135 814 logo‚
154 734 241 798 nobis
255 741 336 796 certe
356 753 391 796 ea
409 733 496 794 detur
514 735 607 814 venia,
625 741 659 795 ut
676 734 818 814 quicquid
837 735 873 796 ad
888 753 1068 813 cognoscen-

63 822 127 884 dam
145 823 262 902 linguae
281 822 389 884 latinae
407 823 562 886 historiam
580 822 656 886 disci
679 826 782 903 possit,
805 823 834 884 id
858 825 890 884 in
907 826 1069 903 praecipuo

62 910 142 974 lucro
165 930 319 992 ponamus.
356 911 538 990 Quamquam
557 929 617 974 non
634 914 803 991 negaverim
819 911 929 990 nullam
948 915 1068 974 omnino
1146 945 1149 950 ·

61 999 218 1062 lectionem
237 1001 345 1062 ceteris
364 999 587 1079 praeferendam
611 1001 642 1062 in
661 1000 763 1062 codice
781 1000 805 1063 Τ
825 1007 969 1062 servatam
987 1019 1069 1082 esse3

60 1089 123 1150 tieri
147 1091 228 1150 enim
250 1095 350 1168 potest
371 1096 405 1148 ut
428 1095 458 1149 et
479 1086 619 1150 librarius
642 1089 753 1150 codicis
772 1087 949 1152 tironiensis
967 1089 1067 1169 lapsus

61 1179 96 1238 sit
119 1186 151 1240 et
175 1176 387 1258 Sangallensis,
414 1177 538 1238 sortasse
569 1178 657 1238 etiam
681 1179 809 1257 scriptor
831 1177 942 1240 codicis
965 1178 1068 1242 arabe·

59 1268 127 1348 typi,
152 1285 190 1328 ex
214 1283 271 1345 quo
294 1263 339 1326 illi
366 1266 451 1344 quasi
478 1265 559 1326 fonte
588 1274 789 1327 manaverunt
834 1265 868 1327 ln
895 1269 1067 1333 uniuersum

58 1361 156 1432 umen
189 1356 312 1434 vestigia
345 1354 486 1417 editionis
517 1355 662 1434 principis
693 1353 851 1433 relegenda
882 1354 969 1416 nobis
1001 1373 1069 1418 esse

58 1445 234 1523 putavimus.

18 1573 19 1578 κ
121 1531 186 1597 lem
213 1533 323 1594 reiecta
353 1529 566 1611 disceptatione
595 1531 629 1592 ad
659 1531 791 1592 codicem
814 1530 1012 1594 Orontensem
1038 1539 1068 1594 et

18 1591 20 1658 l
59 1618 280 1700 Sangallensem
307 1619 386 1680 huuc
413 1618 449 1680 ab
476 1619 594 1680 bomine
626 1619 744 1699 linguae
776 1619 882 1680 latinae
910 1621 1068 1682 admodum

18 1751 19 1766 ,
56 1711 153 1788 perito
180 1715 331 1771 exaratum
354 1725 421 1770 esse
444 1716 578 1789 apparet,
606 1710 671 1790 qui,
695 1710 950 1788 quotienscunque
973 1708 1067 1773 Bene·

18 1775 20 1890 l
57 1797 170 1860 dictum
199 1813 339 1878 peccasse
367 1795 426 1856 sibi
452 1797 658 1878 persuaderet,
688 1796 829 1858 mendum
857 1797 961 1858 tollere
989 1798 1067 1862 haud

18 1895 19 1898 ’
55 1885 215 1948 dubitaret.
252 1885 294 1948 Cf.
321 1881 405 1966 1,12
429 1883 622 1946 deterrimum
646 1879 714 1968 (pro
737 1880 955 1970 teterrimum),
981 1884 1069 1964 1,15

56 1978 224 2036 servientes
248 1967 316 2056 (pro
340 1966 507 2056 servantes)
526 1973 653 2056 saeculo,
676 1972 706 2055 2,
720 1971 771 2036 24.
787 1972 828 2037 68
849 1977 979 2054 suscepit
997 1968 1069 2058 (pro

18 1989 21 2140 l
54 2061 172 2144 vulgari
195 2062 321 2143 perlecti
343 2061 438 2128 forma
461 2057 635 2146 suscipit),
657 2058 745 2144 4‚52
767 2081 882 2124 merces
916 2082 970 2143 pro
989 2081 1067 2124 mer·

54 2145 122 2237 cis),
148 2151 180 2234 7,
198 2148 239 2214 27
259 2152 290 2212 in
314 2149 478 2232 gebennam
501 2151 634 2212 incidere
658 2145 727 2234 (pro
745 2151 935 2232 gehennam,
959 2151 988 2232 t,
1005 2148 1068 2214 150

19 2191 21 2316 l
53 2241 170 2304 eaelum
191 2233 261 2323 (pro
280 2232 402 2322 caelos),
427 2239 478 2319 11,
491 2237 534 2302 28
553 2239 739 2318 neglegentia
759 2233 964 2325 (neglectum),
983 2237 1068 2322 24,5

19 2329 20 2374 ἕ
52 2331 160 2408 pendit
185 2322 254 2410 (pro
276 2321 410 2411 pendat),
431 2323 541 2409 43,1t
566 2328 650 2389 sedet
673 2322 862 2414 (presedit),
885 2327 994 2412 63,13
1018 2348 1068 2390 er-

19 2421 20 2506 l
52 2421 150 2500 ceptis
175 2417 232 2497 bis,
255 2413 307 2497 69,
322 2413 351 2478 3.

19 2511 21 2588 l
119 2507 234 2570 Contra
257 2503 410 2566 librarium
433 2503 633 2566 Oroniensem
660 2507 717 2566 etsi
742 2524 829 2586 saepe
858 2510 919 2569 sive
949 2510 1068 2569 inscitia

20 2671 21 2678 ¹
52 2597 115 2662 sire
145 2612 204 2676 per
231 2592 396 2656 socordiam
418 2611 557 2672 peccasse
584 2591 769 2671 largiendum
800 2603 859 2678 est,
886 2605 1068 2658 nontamen

20 2689 21 2754 l
51 2683 215 2764 abreptum
237 2700 303 2742 esse
327 2680 459 2744 lubidine
483 2681 651 2761 corrigendi
669 2701 723 2763 pro
742 2691 824 2745 certo
843 2685 1069 2767 adfirmaverim,

20 2765 21 2802 ³
52 2775 168 2854 itaque,
191 2778 226 2831 ut
247 2770 340 2832 codex
359 2789 462 2832 omnes
485 2777 579 2832 aetate
602 2779 732 2852 superat,
755 2774 795 2834 ita
819 2773 926 2852 dignus
949 2793 1068 2853 quoque

20 2925 21 2930 ,
50 2871 110 2944 est,
142 2862 198 2940 qui
225 2861 256 2920 in
284 2860 465 2921 recensenda
487 2859 598 2940 Regula
624 2879 679 2940 pro
707 2861 904 2926 fundamendo
931 2871 1068 2942 ponatur.

20 2953 21 3000 l
51 2949 131 3012 Num
155 2953 190 3010 in
208 2954 289 3008 tanto
307 2947 388 3010 velut
406 2967 547 3028 aquarum
566 2948 657 3012 ssuctu
680 2952 791 3011 iustum
811 2969 928 3030 semper
947 2969 1066 3012 cursum

20 3097 21 3102 ,
49 3040 216 3117 tenuerim,
234 3036 364 3098 aliorum*
377 3039 435 3096 erit
452 3037 570 3119 iudicii3
590 3041 698 3118 quippe
717 3041 749 3100 in
763 3046 937 3120 tempestate
951 3059 988 3101 ne
1003 3047 1068 3101 arte

52 3128 182 3208 quidem
205 3124 410 3204 gubernatoris
434 3123 513 3185 salus
535 3134 664 3205 paratur.
708 3127 789 3188 Adeo
812 3146 900 3207 saepe
924 3128 1067 3190 lluctuant

21 3221 23 3230 ’
48 3217 179 3278 codices
202 3215 379 3292 praesertim
405 3214 484 3272 inter
511 3217 670 3274 accusativi
692 3215 801 3276 formas
825 3223 855 3276 et
880 3215 1010 3297 ablativi,
1033 3225 1067 3278 ut

21 3306 133 3368 unde
166 3301 303 3364 standum
330 3303 369 3366 sit
396 3303 427 3362 in
456 3303 571 3362 incerto
598 3301 791 3382 relinquatur.
837 3302 910 3364 Nam
940 3305 976 3365 de
999 3307 1067 3384 ipso

21 3393 189 3472 faustone,
225 3397 366 3468 quantum
398 3389 506 3451 litteris
537 3388 637 3452 latinis
669 3391 760 3452 luerit
790 3391 925 3454 eruditus
961 3411 1066 3472 parum

21 3487 22 3490 ’
48 3486 189 3560 constat3
217 3477 341 3540 Nursiae
364 3487 466 3540 natum
488 3486 518 3540 et
539 3478 679 3541 liberiore
703 3497 811 3559 genere
835 3487 969 3542 exortum
993 3481 1068 3544 libe-

47 3571 166 3642 ralium
189 3567 354 3629 litterarum
378 3568 485 3630 studiis
508 3569 648 3631 traditum
676 3588 742 3630 esse
770 3567 931 3650 Gregorius
954 3589 1066 3632 memo·
