2746 4108
585 233 661 288 CAP.
680 233 714 290 11.
1138 233 1160 296 9

212 383 266 443 His
290 401 361 462 ergo
385 383 504 443 omissis
532 381 568 442 ad
592 381 814 444 coenobitarum
842 383 1038 443 fortissimum
1066 399 1160 460 genus

8 459 32 507 ’ἵ
146 471 364 552 disponendum
388 471 544 532 adiuvante
567 470 877 533 Domino'veniamus.

304 661 347 714 ΙΙ.
382 659 529 730 QUALIS
544 659 719 715 DEBEAT
734 659 836 716 ESSE
851 659 993 714 ABBAS.

212 771 309 834 Abbas
343 775 395 852 qui
426 791 565 852 praeesse
598 773 704 852 dignus
737 781 783 834 est
814 774 1007 853 monasterio,
1040 790 1158 852 semper

147 857 327 924 *meminere
356 861 444 922 debet
471 861 550 942 quod
578 861 700 944 dicitur,
732 869 762 924 et
788 880 897 924 nomen
924 861 1044 922 maioris
1072 861 1157 922 lactis

146 951 279 1031 implere.
318 949 428 1012 Christi
452 953 531 1012 enim
554 969 641 1030 agere
664 952 745 1012 vices
767 953 799 1011 in
818 951 998 1012 monasterio
1017 949 1157 1030 creditur,

147 1041 263 1120 quando
286 1041 382 1120 ipsius
404 1047 526 1101 vocatur
548 1041 723 1119 pronomine
747 1039 864 1102 dicente
884 1037 1032 1119 apostolo:
1056 1034 1155 1100 ‘Acce-
1183 1054 1197 1096 s

145 1131 232 1209 pistis
265 1130 403 1208 spiritum
436 1128 602 1209 adoptionis
635 1128 782 1210 liliorum,
819 1131 851 1190 in
889 1147 946 1209 quo
979 1126 1157 1189 clamemus:

146 1217 230 1298 abba,
252 1213 363 1298 pater.'

211 1306 339 1386 Ideoque
367 1305 458 1367 abbas
485 1305 559 1366 nibil
589 1313 673 1367 extra
699 1313 892 1385 praeceptum
919 1305 1050 1386 Domini,
1079 1304 1157 1384 quod

147 1395 237 1477 absit,
265 1395 371 1456 debeat
398 1403 449 1456 aut
476 1395 582 1456 dooere
611 1401 662 1456 aut
690 1397 870 1456 constituero
893 1393 940 1454 vel
963 1393 1081 1476 iubere3
1105 1394 1157 1454 sed

146 1487 240 1545 iussio
269 1485 333 1544 eius
356 1483 403 1544 rel
427 1483 561 1545 doctrina
584 1483 728 1544 fermento
757 1483 871 1544 divinae
900 1484 1030 1543 iustitiae
1058 1485 1089 1543 in
1113 1483 1156 1544 di·
1171 1501 1198 1540 ιο

147 1573 329 1652 scipulornm
353 1572 503 1634 mentibus
528 1579 748 1654 conspargatur,
771 1567 904 1632 ¹'memor
923 1589 1040 1650 semper
1059 1571 1158 1652 abbas,

147 1664 216 1742 quia
244 1663 395 1722 doctrinae
424 1680 494 1722 suae
522 1661 569 1721 vel
592 1660 805 1740 discipulorum
832 1660 1050 1742 oboedientiae,
1077 1667 1157 1721 utra·

147 1769 273 1830 rumque
297 1751 399 1812 rerum
422 1753 454 1812 in
476 1749 630 1810 tremendo
654 1751 764 1811 iudicio
788 1749 842 1810 Dei
860 1749 994 1810 facienda
1017 1751 1075 1810 erit
1098 1749 1158 1809 dis·

148 1842 255 1902 cussio.
289 1839 428 1919 Sciatque
447 1839 537 1900 abbas
557 1839 660 1918 culpae
679 1841 807 1918 pastoris
826 1837 998 1900 incumbere
1013 1838 1156 1916 quidquid

146 1931 179 1990 in
202 1929 305 1990 ovibus
328 1927 540 2009 paterfamilias
563 1927 700 1989 utilitatis
723 1925 841 1989 *minus
865 1929 996 2006 potuerit
1014 1928 1199 1987 invenirem

147 2019 273 2079 Tantum
292 2020 402 2078 iterum
425 2019 491 2098 erit,
514 2023 556 2098 ut,
580 2019 606 2078 si
628 2019 761 2096 inquieto
785 2017 832 2077 vel
850 2014 1052 2076 inoboedienti
1075 2018 1158 2094 gregi

146 2109 275 2187 pastoris
294 2107 384 2166 luerit
403 2107 500 2166 omnis
515 2105 668 2185 diligentia
687 2105 835 2166 adtributa
854 2112 884 2165 et
897 2102 1040 2178 morbidis
1056 2120 1158 2164 earum

147 2195 262 2256 actibus
293 2197 432 2256 universa
464 2195 554 2254 luerit
587 2187 657 2256 cura
678 2193 831 2275 exhibita,
867 2199 968 2272 pastor
996 2195 1099 2252 e'orum
1127 2195 1158 2253 in

148 2284 257 2345 iudicio
289 2283 408 2344 Domini
444 2283 597 2344 absolutus
629 2283 708 2343 dicat
744 2299 811 2345 cum
845 2281 989 2360 propheta
1020 2279 1158 2342 Domino:

1 2385 3 2401 ¹
63 2401 66 2404 ·
147 2367 309 2434 ‘Iustitiam
338 2379 420 2434 tuam
447 2390 507 2432 non
539 2371 681 2433 abscondi
712 2373 743 2432 in
771 2369 860 2432 corde
893 2388 973 2451 meo,
1002 2371 1157 2430 veritatem
1172 2389 1200 2430 eo

147 2470 228 2523 tuam
261 2469 290 2526 et
322 2461 448 2522 salutare
482 2468 567 2522 tuum
599 2460 676 2542 dixi3
708 2461 767 2539 ipsi
799 2466 898 2520 autem
935 2465 1158 2520 contemnentes

148 2557 325 2631 spreverunt
356 2546 428 2631 me’,
464 2557 494 2610 et
524 2557 596 2611 tunc
629 2549 748 2610 demum
780 2546 1039 2609 inoboedientibus
1071 2566 1158 2608 curae

148 2658 218 2701 snae
243 2638 346 2700 ovibus
369 2657 463 2719 poena
487 2641 527 2700 sit
550 2641 593 2700 eis
616 2637 789 2718 praevalens
808 2639 872 2717 ipsa
895 2655 984 2697 mors

214 2727 293 2808 Ergo
313 2747 381 2789 cum
401 2727 508 2806 aliquis
528 2729 652 2808 suscipit
670 2745 779 2788 nomen
797 2725 920 2808 abbatie,
941 2724 1053 2804 duplici
1071 2724 1159 2785 debet

147 2818 281 2879 doctrina
309 2819 371 2878 suis
397 2835 536 2896 praeesse
564 2815 717 2896 discipulis
746 2809 792 2900 (id
820 2822 866 2876 est
893 2816 991 2875 omnia
1018 2813 1095 2874 bona
1130 2821 1160 2874 et
1173 2827 1200 2868 aa

149 2913 249 2968 sancta
272 2907 357 2967 lactis
382 2905 508 2984 amplius
532 2924 619 2984 qnam
642 2904 741 2966 verbis
765 2897 930 2988 ostendat),
949 2909 979 2964 et
1002 2901 1159 2981 capacibus

148 2994 302 3074 discipulis
330 2995 466 3056 mandata
493 2994 611 3055 Domini
638 2993 736 3054 verbis
764 3010 944 3072 proponere,
976 2991 1060 3051 duris
1089 3008 1159 3051 vero

217 3165 420 3223 114vicesin
437 3184 473 3220 m.
492 3165 616 3234 agereT
677 3162 892 3233 bproenomine
905 3163 940 3215 H
954 3179 1019 3216 rece.
1076 3160 1160 3214 tab-

148 3237 185 3291 sit
204 3239 246 3307 (ct
262 3241 289 3304 4,
302 3239 349 3307 40)
369 3237 461 3292 SHot
497 3235 535 3289 sit
555 3235 609 3290 OT
680 3233 783 3288 debeat
805 3235 847 3303 (ic
869 3233 1002 3287 sententia
1023 3233 1160 3302 nepotioc,

147 3315 179 3364 ut
193 3309 264 3377 prol.
274 3312 318 3364 12.
335 3312 379 3376 54,
389 3310 416 3378 3)
433 3307 456 3362 0
483 3307 568 3361 debet
581 3305 652 3361 SHt
677 3304 757 3358 debit
773 3305 798 3358 Τ
850 3309 883 3357 10
902 3303 1039 3356 fermento
1053 3302 1160 3373 (=fer-

148 3378 334 3450 mentum)O
378 3379 546 3432 fermentum
568 3377 620 3432 ST
709 3381 741 3429 16
765 3377 877 3428 lantum
902 3373 951 3429 OS
993 3374 1161 3428 tantundem

4 3447 33 3470 ''
149 3450 265 3519 l‘ebecso
289 3449 370 3520 oft'?)
389 3449 412 3505 S
432 3449 547 3504 corui*
617 3448 684 3502 Post
710 3446 812 3501 iterum
836 3445 1063 3515 supersedeo
1089 3445 1163 3500 liber

149 3523 286 3589 scriptura
304 3522 519 3592 coptosoconc'oa
536 3520 639 3574 saeculi
656 3520 724 3573 noni
780 3523 812 3572 18
831 3517 964 3572 earumS
1016 3523 1050 3571 24
1069 3533 1160 3572 susce·
1235 3577 1239 3588 ¹

150 3590 232 3659 pitS
302 3597 335 3646 27
356 3591 432 3646 duris
452 3592 534 3647 corde
552 3607 617 3646 vero
635 3590 687 3646 ST
