2746 4108
599 248 674 305 uAP.
689 249 723 304 Π.
1124 249 1163 312 11

151 395 199 456 vel
222 395 353 457 secunda
375 397 575 458 admonitione
598 396 697 458 verbis
721 399 870 478 corripiat,
893 397 1044 478 improbos
1066 405 1164 459 autem
1179 412 1205 452 oo

147 492 182 546 et
205 485 295 546 duros
317 503 352 546 ac
375 485 520 565 superbos
538 486 584 547 vel
608 485 832 547 inoboedientes
850 486 1009 548 verberum
1031 486 1078 547 vel
1101 506 1164 548 cor·

150 576 233 653 poris
261 577 454 652 castigatione
482 577 513 636 in
541 577 605 655 ipso
634 577 719 636 initio
750 577 866 655 peceati
898 583 1033 636 coerceat
1066 578 1163 637 sciens

149 664 310 743 scriptum:
335 659 465 724 ‘Stultus
484 663 582 724 verbis
601 681 661 724 non
681 658 872 745 corregitur’,
892 666 1063 726 etiterum:
1082 660 1163 725 ‘Per-

149 759 219 812 cute
241 751 334 812 filium
352 758 438 812 tuum
456 754 546 833 virga,
565 760 595 813 et
613 752 754 813 liberabis
773 755 900 814 animam
920 755 984 813 eius
1005 772 1020 813 a
1039 749 1163 814 morte'

217 834 396 901 *Meminere
424 839 512 901 debet
540 860 657 921 semper
684 841 774 902 abbas
802 841 880 921 quod
910 849 968 922 est,
1000 844 1162 903 meminere
1177 854 1203 895 oo

150 929 231 1008 quod
254 929 372 1010 dicitur,
396 935 426 990 et
449 931 535 1010 scire,
559 933 627 1010 quia
650 933 700 991 cui
721 930 788 1009 plus
810 933 1013 1011 committitur,
1036 930 1103 1010 plus
1127 931 1162 991 ab

150 1035 187 1078 eo
220 1019 356 1096 exigitur.
403 1017 540 1097 Soiatque
574 1037 662 1098 quam
695 1019 846 1080 difficilem
884 1026 913 1080 et
945 1019 1066 1080 arduam
1098 1037 1163 1080 rem

154 1109 288 1187 suscipit,
315 1124 420 1185 regere
449 1109 562 1168 animas
590 1116 620 1168 et
647 1107 807 1168 multorum
832 1111 944 1169 servire
967 1107 1110 1189 moribus,
1133 1117 1163 1169 et

147 1195 241 1256 alium
273 1196 393 1274 quidem
424 1195 648 1276 blandimentis,
680 1196 769 1257 alium
797 1216 867 1258 vero
899 1197 1163 1282 increpationibus

149 1284 241 1345 alium
265 1283 465 1366 suasionibus,
491 1292 521 1345 et
543 1285 707 1346 secundum
730 1288 964 1366 uniuscuiusque
989 1283 1161 1366 qualitatem
1176 1301 1202 1338 το

149 1372 197 1434 vel
220 1365 452 1452 intellegentiam
480 1376 520 1434 ita
549 1393 581 1434 se
605 1373 742 1434 omnibus
767 1375 931 1436 conformet
954 1382 984 1435 et
1007 1382 1099 1456 aptet,
1130 1375 1167 1455 'ut

149 1481 210 1524 non
234 1461 330 1522 solum
354 1462 531 1523 detrimenta
554 1465 652 1541 gregis
676 1463 734 1523 sibi
759 1466 910 1523 commissi
937 1482 995 1524 non
1025 1466 1163 1546 patiatur,

148 1569 254 1612 verum
277 1553 366 1611 etiam
388 1553 420 1610 in
443 1554 681 1631 augmentatione
704 1551 776 1611 boni
798 1554 897 1630 gregis
920 1553 1058 1630 gaudeat·
1102 1551 1108 1558 '

216 1639 291 1700 Ante
316 1641 414 1700 omnia
437 1659 474 1700 ne
494 1639 685 1700 dissimulans
709 1648 759 1700 aut
782 1643 865 1720 parvi
883 1641 1017 1720 pendens
1037 1641 1162 1703 salutem

147 1730 314 1789 animarum
339 1728 396 1788 sibi
420 1731 646 1789 commissarum
668 1729 735 1809 plus
760 1740 842 1809 gerat
871 1729 1101 1790 sollicitudinem
1124 1732 1160 1792 de
1176 1745 1202 1784 ⁷5

149 1816 240 1877 rebus
262 1819 444 1877 transitoriis
472 1825 502 1878 et
528 1820 657 1878 terrenis
686 1825 773 1898 atque
802 1819 934 1899 caducis,
964 1819 1016 1879 sed
1044 1837 1162 1898 semper

148 1908 269 1986 cogitet,
287 1901 375 1984 *quia
393 1908 504 1966 animas
524 1908 656 1986 suscepit
669 1907 823 1988 regendas,
843 1907 878 1968 de
894 1906 1002 1986 quibus
1017 1910 1162 1968 rationem

151 1995 323 2055 redditurus
344 2001 397 2055 est.
438 1993 476 2056 Et
489 2013 527 2055 ne
546 2002 685 2056 causetur
704 1997 740 2056 de
759 1999 874 2056 minore
893 1996 968 2079 sorte
989 1995 1162 2078 substantia,

149 2083 320 2144 meminerit
352 2086 515 2163 scriptumz‘
543 2080 691 2154 ‘Primum
724 2087 857 2164 quaerite
890 2102 1015 2163 regnum
1046 2076 1100 2144 Dei
1132 2091 1162 2146 et

148 2174 293 2233 iustitiam
312 2174 386 2253 eiuS,
406 2172 525 2233 ethaeo
545 2175 642 2233 omnia
661 2174 829 2234 adicientur
847 2167 962 2254 vobis',
986 2180 1015 2233 et
1036 2175 1159 2234 iterum:
1174 2190 1201 2228 so

149 2256 247 2322 ‘Nihil
270 2261 353 2322 deest
376 2261 550 2322 timentibus
570 2257 662 2322 eum’
705 2256 852 2342 Soiatipue,
876 2263 944 2340 quia
964 2264 1015 2341 qui
1034 2265 1161 2341 suscipit

146 2351 261 2410 animas
293 2350 451 2430 regendas,
482 2357 567 2430 paret
599 2369 631 2410 se
664 2351 700 2410 ad
732 2353 878 2411 rationem
904 2350 1098 2432 reddendam,
1132 2359 1161 2412 et

147 2445 292 2518 quantum
311 2438 366 2498 sub
386 2457 456 2500 cura
480 2457 532 2500 sua
555 2439 680 2499 fratrum
705 2458 737 2500 se
761 2439 870 2501 habere
894 2442 968 2500 sciet
995 2459 1161 2522 numerum,

148 2534 289 2606 agnoscat
311 2545 365 2606 pro
389 2534 484 2608 certo,
513 2529 581 2606 quia
609 2529 640 2587 in
668 2527 716 2588 die
744 2529 848 2589 iudicii
873 2530 1005 2607 ipsarum
1028 2531 1160 2590 omnium

146 2617 313 2676 animarum
346 2623 392 2676 est
418 2615 543 2676 Domino
575 2617 747 2677 redditurus
779 2619 938 2698 rationem,
971 2619 1035 2678 sine
1068 2617 1158 2678 dubio
1173 2633 1199 2673 ss

147 2703 247 2765 addita
280 2713 310 2765 et
342 2723 411 2765 suae
444 2707 567 2765 animae.
613 2705 650 2765 Et
677 2707 718 2766 ita
745 2708 853 2766 timens
882 2725 1000 2786 semper
1030 2707 1161 2767 futuram

126 2793 365 2854 'discussionem
389 2796 517 2872 pastoris
541 2794 576 2854 de
601 2794 723 2855 creditis
744 2795 864 2876 oribuS,
894 2813 962 2855 cum
991 2793 1027 2855 de
1056 2791 1160 2856 alienis

147 2884 313 2943 ratiociniis
341 2889 437 2963 cavet,
465 2882 599 2944 redditur
623 2883 659 2944 de
684 2886 746 2944 suis
774 2881 931 2964 sollicitus3
962 2891 1081 2944 etcum
1110 2885 1160 2943 ad·

147 2971 361 3031 monitionibus
390 2974 453 3032 suis
482 2972 718 3032 emendationem
745 2972 810 3033 aliis
844 2971 1062 3052 subministrat,
1095 2974 1159 3051 ipse

147 3059 277 3138 efficitur
300 3079 316 3120 a
339 3061 419 3120 vitiis
445 3061 626 3121 emendatus.
1173 3077 1200 3116 9⁰

218 3254 252 3303 62
272 3240 470 3318 castigatioT
544 3254 578 3302 63
598 3247 753 3316 corregitur
775 3247 828 3301 ST
862 3245 1054 3317 corrigiturO
1125 3253 1159 3301 65

145 3319 223 3388 quod
246 3323 290 3374 est
311 3319 462 3374 meminere
485 3335 535 3374 om.
556 3320 582 3372 T
593 3388 599 3400 ’
665 3324 698 3372 68
724 3317 893 3398 ευεοθρίὴᾷ
943 3324 998 3399 ,73
1018 3317 1105 3371 etiam
1125 3318 1160 3372 0ῑ

799 3389 1091 3442 r

148 3531 269 3587 tioneO
290 3540 497 3602 recrearetur.
572 3537 605 3586 88
625 3530 864 3586 admonitionibus
885 3532 983 3600 scripsi
1018 3531 1053 3585 de
1071 3548 1161 3586 mom-

149 3599 273 3658 tionibus
294 3603 345 3660 OS
350 3605 375 3658 T
410 3601 656 3659 ammonitionibus
676 3609 687 3659 t
