2746 4108
455 997 804 1082 PRAEFATIO.

577 1170 684 1178 —--

193 1265 329 1349 Codices,
353 1267 460 1347 quibus
484 1285 556 1328 usus
580 1285 647 1328 sum
662 1269 701 1328 in
728 1271 909 1332 recensenda
928 1271 957 1334 S.
980 1271 1134 1336 Benedicti

111 1356 297 1420 Nursiensis
320 1357 430 1438 regula,
454 1363 523 1418 sunt
544 1356 589 1417 hi:

192 1445 273 1508 0=
288 1445 518 1526 Oxoniensis,
540 1444 735 1507 bibliothecae
750 1445 934 1530 Bodleianae,
951 1451 982 1510 in
1000 1451 1131 1530 catalogo

112 1533 247 1597 ‘Halton
270 1531 329 1599 48⁹
358 1541 543 1616 numeratus,
571 1533 711 1594 foliorum
734 1534 895 1618 LXXXVII,
924 1538 1040 1600 saeculo
1065 1559 1130 1620 sep-

111 1627 196 1686 timo
223 1625 270 1685 vel
297 1631 398 1685 octavo
425 1623 533 1684 litteris
560 1621 726 1684 uncialibus
754 1626 897 1706 scriptus,
928 1626 1029 1688 multis
1056 1628 1130 1690 locis

112 1721 276 1776 correctus
299 1715 407 1793 partim
431 1731 447 1772 a
469 1711 612 1772 monacho
636 1711 769 1772 eiusdem
792 1713 854 1774 iere
878 1733 945 1776 cum
964 1717 1058 1796 ipsius
1082 1737 1130 1778 oo·

110 1804 198 1864 dicis
222 1802 342 1863 librario
366 1803 478 1882 aetatis,
502 1802 553 1879 qui
576 1802 665 1861 etiam
685 1801 882 1880 capitulorum
904 1803 1006 1865 titulos
1029 1805 1130 1866 rubris

37 1930 41 1941 ·
112 1892 230 1954 litteris
254 1890 365 1952 addidit
387 1883 460 1972 (0¹),
483 1891 590 1969 partim
614 1909 630 1950 a
654 1889 751 1950 scriba
774 1893 909 1952 exeuntis
933 1893 994 1954 lere
1019 1894 1130 1955 saeculi

37 1992 41 2017 =
112 1980 184 2042 XlV
204 1973 260 2064 (o).
298 1978 429 2041 Contulit
451 1997 519 2040 eum
536 1978 676 2058 precibus
699 1981 774 2040 meis
793 1979 952 2041 obsecutus
969 1980 1000 2040 V.
1021 1983 1129 2044 doctis·

41 2094 44 2117 ι
115 2073 230 2150 simus,
257 2068 424 2130 Artorius
451 2067 558 2148 llunt,
586 2085 700 2128 summa
727 2086 785 2147 qua
816 2069 882 2128 lieri
914 2076 1012 2149 potest
1048 2089 1130 2152 cura,

114 2166 164 2240 ut,
191 2157 335 2238 quidquid
356 2159 423 2239 ‚eius
448 2155 556 2218 auxilio
584 2155 691 2217 melius
719 2163 805 2236 atque
833 2164 919 2218 antea
942 2157 1129 2221 administra·

114 2249 224 2326 verim,
246 2245 277 2306 id
301 2264 387 2306 omne
411 2247 439 2305 ei
462 2251 614 2324 acceptum
638 2245 758 2306 reseras.

186 2336 277 2396 T=
300 2333 598 2415 Tegernsecnsis,
638 2352 718 2394 nunc
753 2333 939 2396 Monacensis
976 2335 1046 2397 Cod.
1079 2337 1127 2399 lat.

117 2422 244 2505 19408,
277 2423 393 2484 saeculo
424 2429 524 2484 octavo
553 2424 694 2502 scriptus,
721 2421 768 2482 vel
794 2425 893 2502 potius
920 2443 1008 2486 nono.
1054 2425 1127 2487 Cum

116 2516 199 2574 enim
218 2514 431 2573 monasterium
450 2511 709 2572 Benedictinorum
726 2529 802 2571 anno
817 2512 879 2572 lere
896 2509 958 2575 746
973 2533 1000 2593 p.
1016 2513 1085 2575 Chr·¹
1099 2534 1128 2576 n.

115 2603 273 2663 conditum
303 2619 368 2661 esse
397 2607 512 2662 constet
540 2593 590 2684 (cf.
615 2600 673 2678 Sig.
697 2599 825 2682 Riezler,
856 2601 923 2662 hist.
947 2601 1047 2675 liavar.
1071 2604 1125 2664 vol.

116 2683 243 2774 1112),
263 2689 321 2750 illis
345 2691 418 2768 ipsis
441 2691 501 2750 iam
528 2687 710 2768 temporibus
738 2689 817 2750 hunc
842 2689 952 2750 librum
975 2699 1127 2754 exaratum

116 2797 184 2840 esse
218 2778 296 2839 baud
327 2778 411 2839 facile
444 2777 517 2838 mihi
548 2777 721 2857 persuadeo.
767 2777 800 2838 ln
827 2779 886 2839 fine
913 2779 985 2840 baec
1016 2783 1126 2860 scripta

118 2877 201 2929 sunt:
232 2867 349 2948 „codex
381 2868 530 2946 peccatori
561 2860 629 2948 (stc,
661 2885 721 2928 ooo
753 2863 932 2952 peccatoris)
964 2868 1126 2931 benedicti.

52 3004 54 3013 .
118 2955 175 3018 Vae
195 2956 269 3016 mihi
291 2958 400 3016 misero
423 2954 544 3016 habenti
568 2947 647 3038 (cod.
675 2949 817 3040 habendi)
846 2959 1025 3018 contrariam
1052 2959 1126 3020 mihi

119 3062 191 3127 rem,
215 3047 266 3125 qui
289 3063 359 3106 reus
382 3062 449 3104 sum
471 3046 503 3104 in
525 3043 572 3104 his
592 3043 737 3124 omnibuS,
761 3047 829 3123 quia
852 3045 1045 3108 adversantur
1063 3067 1124 3108 mo·

119 3133 202 3195 ribus
225 3136 300 3194 meis
324 3132 417 3192 malis.
463 3132 507 3192 Tu
530 3150 599 3192 vero
627 3129 773 3192 bonorum
801 3132 957 3214 lectorum,
985 3135 1056 3196 dum
1078 3137 1125 3198 his

120 3229 199 3283 tuam
234 3223 345 3282 videris
376 3223 466 3280 vitam
506 3220 685 3280 concordare
721 3224 901 3302 praeceptis,
942 3241 1029 3283 orans
1070 3243 1125 3304 pro

122 3313 264 3391 scriptore
287 3310 420 3372 codicem
442 3308 533 3370 redde
557 3309 675 3368 domino
700 3303 782 3368 suo.“
818 3308 908 3370 Cuius
928 3310 1125 3373 adnotationis

122 3394 228 3464 litteris,
253 3398 417 3460 minoribus
446 3399 573 3476 scriptae
601 3403 634 3457 ut
660 3415 729 3476 pars
759 3399 907 3475 posterior
934 3417 951 3458 a
979 3401 1123 3462 monacho

99 3489 245 3568 'quodam
277 3487 497 3568 improbitatem
534 3503 617 3546 suam
658 3493 814 3546 accusante
851 3486 950 3548 addita
986 3495 1046 3571 est,
1083 3492 1124 3552 ita

124 3576 213 3646 prima
239 3577 329 3638 verba
357 3571 463 3661 (codex
490 3577 640 3655 peccatori
666 3567 833 3658 benedicti)
862 3593 898 3637 ex
924 3577 1025 3639 codice
1049 3582 1123 3640 anti·

931 3680 965 3731 ab
