2746 4108
543 264 729 325 CAPITULA.

314 548 516 604 CAPITULA
535 549 736 606 REGULAE
751 548 977 608 INCIPIUNT.

303 681 327 740 I.
352 680 398 741 oe
417 683 583 756 perrenibus
605 685 654 742 uel
674 683 736 742 uita
759 683 983 744 monachorum.

285 770 327 830 II.
356 769 461 842 Qualis
484 772 593 832 debeat
615 788 679 831 esse
701 771 805 832 abtas.

267 857 327 918 III.
351 858 397 918 Ile
420 859 600 921 adhibendis
624 861 667 920 ad
688 861 846 920 consilium
866 857 1029 934 fratribus.

272 947 293 1006 I
297 947 327 1007 V.
356 947 441 1020 Quae
462 955 534 1009 sunt
556 951 756 1010 instrumenta
779 949 925 1010 bonorum
947 964 1080 1024 operum.
1175 963 1188 1004 s

298 1035 328 1096 V.
354 1036 401 1096 Ile
423 1037 613 1098 oboedientia
637 1039 856 1114 discipulorum
879 1039 978 1112 qualis
1001 1038 1047 1098 sit.

281 1124 329 1184 VI.
354 1125 401 1186 Dc
423 1128 649 1187 taceturuitat.

263 1213 329 1274 VII.
353 1213 400 1274 Ile
422 1217 598 1276 numilitate.

247 1301 331 1363 VIII.
354 1303 402 1364 Be
424 1302 535 1379 officiis
558 1305 668 1364 diuinis
691 1306 723 1363 in
746 1304 892 1364 noctibus.

205 1405 207 1408 ·
271 1391 328 1451 IX.
357 1392 471 1464 Quanti
487 1395 601 1468 psalmi
627 1393 752 1453 dicendi
776 1398 847 1452 sunt
877 1394 1036 1452 nocturnis
1057 1393 1149 1453 toris.
1166 1410 1191 1450 ιο

285 1479 321 1540 X
319 1527 325 1539 .
354 1480 493 1553 Qualiter
507 1483 631 1542 aestatis
646 1487 779 1556 tempore
788 1485 902 1555 apatur
912 1487 1064 1541 nocturna
1073 1484 1151 1543 laus.

268 1569 326 1628 XI.
356 1570 494 1642 Qualiter
516 1572 675 1630 dominicis
699 1569 804 1629 dietus
826 1571 949 1644 cipiliae
972 1576 1118 1644 apautur.

251 1657 327 1717 XII.
356 1658 494 1730 Qualiter
517 1660 734 1718 matutinorum
757 1663 871 1732 apatur
893 1661 1084 1718 sollemnitas.

234 1746 329 1806 XIII.
354 1747 489 1808 Privatis
510 1748 616 1808 diebus
639 1749 772 1822 qualiter
794 1749 937 1808 matutini
958 1753 1104 1822 ocantur.

239 1834 328 1894 XIV.
352 1836 391 1896 In
405 1839 523 1896 natales
537 1841 713 1896 sanctorum
727 1838 859 1910 qualiter
873 1838 997 1918 ciciliae
1007 1842 1149 1910 apantur.
1165 1851 1192 1892 15

257 1923 292 1984 X
297 1923 328 1983 V.
352 1918 516 1985 ‘Alleluia'
540 1925 649 1999 quitus
673 1925 856 2000 temporibus
879 1926 1012 1985 dicatur.

239 2012 328 2073 XVI.
356 2013 496 2085 Qualiter
519 2015 623 2074 diuina
646 2030 741 2090 opera
761 2031 820 2089 per
843 2015 922 2074 diem
945 2018 1088 2086 apantur.

222 2100 329 2162 XVII.
357 2102 473 2174 Quanti
486 2105 598 2178 psalmi
611 2119 670 2178 per
685 2103 806 2162 easdem
823 2104 917 2164 toras
937 2102 1062 2162 dicendi
1073 2108 1152 2162 sunt.

202 2189 330 2250 XVIII.
357 2191 423 2264 Quo
446 2193 555 2252 ordine
577 2193 637 2268 ipsi
654 2193 767 2267 psalmi
789 2192 914 2252 dicendi
934 2195 1012 2250 sunt.

239 2278 328 2339 XIX.
353 2281 399 2340 Ile
422 2283 584 2356 disciplina
604 2279 765 2356 psallendi.
1164 2295 1191 2336 so

256 2367 328 2428 XX.
352 2369 398 2429 De
420 2371 594 2430 reuerentia
620 2370 776 2429 orationis.

237 2457 327 2517 XXI.
352 2458 473 2519 Decumi
494 2459 672 2518 monasterii
693 2459 798 2531 quales
821 2457 951 2518 debeant
974 2473 1045 2517 esse.

217 2545 326 2605 XXII.
355 2547 508 2619 Quomodo
532 2547 685 2606 dormiant
707 2547 857 2606 monaclii.

198 2634 326 2694 XXIII.
350 2635 397 2696 De
420 2636 732 2696 excommunicatione
755 2636 923 2710 culparum.

205 2723 292 2783 XXI
296 2723 326 2783 V.
354 2725 460 2797 Qualis
483 2725 592 2784 debeat
609 2740 673 2784 esse
690 2725 796 2783 modus
820 2725 1152 2785 excommunicationis.
1167 2738 1194 2780 25

224 2811 291 2872 XX
296 2812 326 2872 V.
349 2807 402 2874 De
421 2813 619 2888 pravioribus
643 2814 747 2888 culpis.

206 2901 327 2961 XXVI.
351 2902 399 2962 lle
424 2903 472 2962 Itis
499 2903 553 2976 aui
577 2901 644 2962 sine
672 2903 804 2962 iussione
831 2903 1001 2976 iunpuntur
1034 2919 1152 2963 excom-

348 2993 519 3050 muricatis.

208 3193 345 3268 (lapitnla.
384 3193 589 3248 lREGULAE
614 3194 708 3250 ornS
790 3192 885 3264 ivel]
908 3193 1053 3247 aonidum
1074 3193 1155 3248 tuo

134 3265 258 3320 volvito
277 3265 371 3321 omS
422 3265 584 3321 3debetS
635 3265 790 3319 4fratrum
810 3264 835 3316 Τ
887 3261 1050 3332 tdisoipul.
1070 3282 1096 3332 q.
1116 3263 1155 3318 sit

136 3337 232 3392 onuS
302 3336 534 3392 ‘ltaoiturnitato
552 3337 621 3392 ST¹
676 3341 708 3390 13
728 3333 902 3391 sollemnitas
922 3336 1023 3402 agatur
1041 3334 1094 3390 ST

137 3413 170 3462 15
191 3407 302 3463 natales
322 3409 367 3478 (ι
381 3407 536 3477 natalibus)
554 3408 653 3477 scripsi
679 3405 776 3460 natale
797 3404 820 3460 O
846 3403 989 3458 nataliciis
1008 3405 1061 3461 ST
1119 3412 1152 3460 1⁷

136 3481 238 3548 agatur
251 3479 273 3534 S
279 3480 311 3546 T,
329 3480 405 3534 haud
422 3481 478 3534 scio
496 3497 535 3534 an
552 3485 621 3534 recte
687 3483 720 3531 19
739 3476 794 3546 ipsi
811 3475 914 3558 psalmi
933 3475 971 3545 (oi
989 3475 1104 3548 ψαλμοί,
1122 3479 1153 3533 id

136 3555 175 3602 est
193 3551 295 3618 psalmi
319 3567 398 3606 uasa
412 3551 537 3620 praeced
556 3550 707 3620 memoratu)
726 3549 779 3604 ST
813 3564 936 3618 rps1orn.
959 3546 982 3600 O
1053 3555 1087 3603 22
1106 3548 1153 3604 de-

138 3619 203 3672 cani
223 3620 246 3674 0
264 3623 307 3690 (cs.
323 3626 360 3678 30
377 3621 458 3692 pueri
476 3621 598 3690 qualitor
616 3620 813 3691 corripiantur)
832 3619 867 3673 de
886 3618 1000 3673 decanis
1018 3620 1071 3677 ST
