2746 4108
288 197 329 250 VI
688 194 900 248 PRAEFATIO.

291 348 395 425 quiere
418 346 611 423 transscripta
635 361 701 404 esse
724 351 817 424 patet,
842 361 1003 422 quaecum
1026 345 1067 402 ita
1091 345 1159 423 sint,
1182 361 1286 404 summa

290 436 448 495 auctoritas
472 432 547 492 libro
570 433 785 511 Tegernseensi
807 431 964 492 tribuenda
987 439 1039 492 est.

356 522 441 582 E=
461 521 623 600 fragmenta
651 521 762 581 codicis
789 520 1101 600 EmmeramensiS,
1129 538 1206 581 nunc
1230 520 1285 580 Mo·

290 613 435 690 nacensis,
454 612 528 688 sign,
548 610 611 670 cod.
630 609 678 670 lat.
698 606 816 690 29169,
840 608 956 670 saeculo
981 619 1090 690 octavo,
1114 617 1147 670 ut
1170 610 1286 691 videtur,

291 702 409 780 scripta,
433 718 449 759 a
471 698 551 758 nullo
571 697 666 758 adhuc
684 697 812 776 Regulae
832 698 948 766 editore,
964 697 1101 758 adhibita.
1137 697 1287 758 Continent

291 785 479 868 11117118
503 805 639 865 magnam
661 795 785 866 partem,
809 793 961 864 praeterea
984 785 1143 865 particulas
1167 789 1286 866 capitum

292 875 341 939 18.
363 873 412 938 19.
433 872 483 936 20.
503 873 554 936 22.
574 873 625 936 23.
645 871 695 935 24.
711 871 762 936 25.
777 871 829 936 53.
844 871 894 936 55.
910 871 961 937 56.
998 875 1180 954 Quamquam
1196 883 1286 952 autem

289 969 401 1046 passim
429 982 496 1025 cum
524 965 643 1042 optimis
672 963 823 1024 codicibus
851 965 1033 1043 conspirant,
1061 963 1172 1024 nullam
1196 972 1287 1025 tamen

290 1055 390 1115 inveni
414 1053 585 1132 lectionem,
613 1071 687 1132 quae
710 1053 799 1113 huius
823 1055 911 1112 unius
934 1051 1003 1112 libri
1026 1053 1084 1112 tide
1106 1055 1137 1112 in
1161 1053 1288 1113 ordinem

290 1141 448 1203 verborum
472 1141 641 1219 recipienda
664 1148 751 1202 esset.

357 1231 377 1290 S
396 1257 438 1280 =
458 1230 549 1290 codex
570 1228 827 1310 SangallensiS,
850 1229 935 1290 Num.
951 1227 1025 1310 916,
1044 1248 1118 1290 saec.
1137 1229 1208 1310 VIII,
1226 1249 1289 1290 cum

289 1321 424 1379 versione
444 1319 628 1379 interlineari
646 1318 781 1399 Ileronis,
805 1337 892 1398 quam
911 1337 968 1379 una
992 1337 1059 1379 cum
1077 1318 1188 1398 Regula
1205 1319 1290 1379 latina

291 1410 361 1468 satis
386 1414 521 1468 accurate
548 1407 641 1467 edidit
662 1407 823 1488 Hattemer,
845 1406 1003 1468 1111111111
1027 1407 1079 1467 des
1102 1406 1290 1468 Mittelalters

289 1493 699 1576 1.1844—49p.17seq.
745 1496 824 1567 erae
853 1499 883 1556 in
911 1499 976 1575 ipso
1003 1504 1086 1556 textu
1115 1495 1204 1556 latino
1227 1515 1291 1575 pas-

291 1587 348 1645 sim
362 1592 494 1645 correcta
509 1592 586 1664 sunt,
604 1603 740 1663 magnam
758 1592 872 1664 partem
887 1585 922 1644 ad
941 1587 1039 1664 Ipsum
1052 1584 1200 1645 lieronem
1218 1585 1265 1644 rel
1281 1619 1291 1628 ·

289 1673 381 1733 reuda
400 1691 465 1734 esse
485 1674 631 1754 videntur,
654 1675 705 1753 qui
724 1673 813 1735 abbas
832 1675 888 1734 luit
905 1676 1078 1734 monasterii
1098 1673 1293 1752 sangallensis

290 1761 359 1821 inde
383 1762 419 1822 ab
439 1781 463 1822 a.
484 1760 807 1841 12011111111119.
844 1761 878 1822 In
901 1763 958 1822 fine
982 1762 1097 1841 prologi
1119 1769 1186 1841 post
1206 1762 1294 1822 verba

291 1846 475 1912 ‘mereamur
502 1869 567 1911 esse
596 1845 765 1911 consortes'
794 1850 890 1911 addita
919 1858 988 1912 sunt
1016 1850 1100 1911 haec:
1133 1847 1205 1922 ‘Qui
1236 1851 1296 1912 leni

291 1941 360 2018 iugo
390 1939 500 2000 Christi
533 1939 606 2000 colla
638 1939 812 1999 submittere
843 1942 926 2018 cupis
958 1939 1076 2018 regulae
1110 1948 1227 2019 sponte,
1260 1940 1298 2000 da

289 2036 418 2090 mentem
447 2027 554 2110 dulcis,
586 2035 619 2088 ut
646 2030 744 2106 capias
774 2027 869 2088 mella.
913 2027 968 2088 Hic
990 2031 1160 2089 testamenti
1187 2031 1298 2089 veteris

290 2121 415 2197 novique
447 2124 552 2178 cuncta
585 2117 733 2196 doctrina,
764 2117 812 2177 hle
841 2117 912 2176 ordo
946 2117 1075 2196 dlvinuS,
1111 2117 1160 2177 hic
1193 2120 1298 2177 castis-

291 2209 364 2266 sima
391 2209 450 2266 vita
477 2207 591 2285 hocque
614 2205 791 2266 Benedictus
819 2214 904 2285 pater
926 2207 1080 2266 constituit
1107 2223 1225 2266 sacrum
1247 2224 1298 2264 vo-

289 2293 389 2354 lumen
418 2295 549 2374 haecque
578 2295 727 2355 mandavit
757 2297 819 2355 suis
852 2313 969 2355 servare
997 2292 1131 2354 alumnis
1178 2294 1300 2374 Simpli-

290 2385 354 2443 cius
383 2382 550 2463 Christique
577 2385 714 2443 minister
740 2385 875 2462 magistri
901 2382 996 2443 latens
1024 2401 1097 2461 opus
1125 2385 1302 2462 propagavit

289 2474 321 2532 in
341 2489 456 2552 omnes;
475 2491 533 2532 una
556 2479 654 2533 tamen
676 2475 785 2532 mercis
809 2480 934 2551 utroque
957 2479 1056 2532 manet
1078 2473 1109 2531 in
1134 2480 1302 2532 aeternum.

289 2555 406 2620 Amen'

355 2648 382 2707 H
401 2676 443 2698 =
462 2648 658 2708 Hildemari
681 2651 825 2728 expositio
849 2648 986 2729 Regulae,
1010 2656 1077 2709 ante
1101 2667 1211 2709 annum
1233 2647 1305 2710 840

291 2739 409 2818 scripta,
427 2739 556 2816 primum
575 2739 652 2816 typis
672 2738 807 2798 mandata
824 2737 1000 2798 Ratisbonae
1021 2734 1114 2799 1880.
1149 2737 1205 2798 llic
1227 2756 1305 2816 quo-

291 2844 348 2904 que
377 2827 605 2887 commentarius
633 2844 726 2904 pauca
754 2826 921 2906 suppeditat
944 2826 979 2886 ad
1003 2826 1219 2887 emendandam
1243 2826 1307 2887 Re-

290 2913 400 2994 gulam,
423 2914 501 2975 unde
525 2915 634 2975 factum
657 2921 715 2994 est,
738 2921 771 2975 11
794 2934 854 2975 111
876 2917 935 2974 nisi
958 2933 1040 2976 raras
1064 2916 1206 2994 quasdam
1233 2934 1307 2994 spe-

290 3005 407 3064 ciminis
427 3021 515 3064 causa
533 3003 675 3063 lectiones
694 3003 883 3082 protulerim:
907 3023 981 3082 quae
999 3006 1025 3065 si
1039 3007 1124 3066 cuius
1139 3004 1309 3064 desideriis

289 3111 348 3152 non
372 3092 561 3173 satisfaciant,
584 3094 681 3171 ipsum
703 3091 813 3152 librum
836 3093 976 3154 consulat.

356 3181 479 3242 Codices
503 3181 526 3240 Τ
550 3188 579 3242 11
601 3180 624 3240 Ε
647 3183 711 3261 ipse
740 3180 864 3262 contuli,
891 3185 963 3242 item
991 3179 1212 3259 Sangallensem
1238 3180 1309 3240 lere

289 3277 399 3352 totum,
427 3272 486 3331 nisi
514 3271 591 3350 quod
621 3273 749 3350 capitum
771 3267 813 3332 47
844 3289 904 3349 seq.
933 3271 1145 3348 discrepantias
1176 3287 1309 3329 accura-

289 3361 404 3419 tissime
436 3361 565 3420 enotavit
592 3358 612 3420 l.
640 3359 734 3440 Egli,
765 3360 917 3439 professor
949 3356 1154 3436 Sangallensis.
1201 3358 1310 3435 Atque

289 3449 411 3528 utinam,
434 3450 486 3526 qui
504 3447 645 3526 Regulam
669 3445 765 3508 ‘iuxta
784 3449 1004 3526 antiquissimos
1024 3445 1142 3506 codices
1161 3448 1311 3524 recogni-

289 3531 361 3596 tam’
380 3535 490 3596 Ratisb.
515 3555 538 3596 a.
560 3533 646 3598 1880
670 3536 771 3618 edIdit,
793 3535 965 3595 Edmundus
989 3534 1131 3617 Schmidt,
1154 3535 1312 3596 lectiones
