2746 4108
522 205 733 260 PRAEFATIO.
1080 206 1132 259 VH

118 353 329 433 Sangallenses
362 373 397 414 ex
424 353 585 414 Hattemeri
613 353 689 414 libro
718 354 962 435 deprompsisset,
992 357 1131 434 quoniam

118 446 151 504 ei
181 462 240 504 non
268 445 403 524 contigit,
431 450 463 502 ut
486 443 617 502 codicem
640 445 704 522 ipse
733 443 825 503 oculis
850 443 1052 522 perlustraret.
1098 445 1131 504 Si

117 551 228 593 verum
252 534 378 612 quaetio,
401 531 527 610 plurima
549 533 658 592 mirum
682 534 713 592 in
736 531 856 592 modum
878 531 1014 592 turbavit.

191 621 224 682 ln
256 621 301 680 his
334 627 431 680 autem
464 620 615 680 codicibus
648 621 895 699 acquiescendum
925 639 990 680 esse
1020 623 1129 700 putavi,
1200 625 1203 632 '

14 687 24 736 Ι·
119 729 185 771 non
209 709 303 770 solum
326 711 395 788 quia
414 717 483 770 sunt
501 711 698 787 antiquissimi
721 716 751 770 et
773 709 930 788 diligenter
948 708 1054 789 collati,
1079 709 1130 769 sed

122 801 215 860 etiam
238 801 307 877 qnia
334 797 493 858 monachos
517 797 724 858 Benedictinos
750 799 850 859 Sancti
872 797 967 858 Patris
991 796 1131 875 Regulam

123 889 347 948 accuratissime
371 887 564 967 descripsisse
588 885 728 948 credibile
757 895 810 947 est.
856 887 913 946 Sed
942 889 974 946 in
996 904 1131 964 magnam

122 976 285 1036 incidimus
308 975 510 1036 dillicultatem
533 982 698 1056 propterea,
722 976 799 1054 quod
819 977 916 1054 ipsum
939 974 1130 1035 Benedictum

122 1064 266 1143 Regulam
290 1063 336 1124 bis
359 1062 405 1124 vel
427 1071 473 1124 ter
497 1064 625 1124 edidisse
649 1072 771 1125 constat.
817 1064 908 1125 Cuius
932 1066 976 1124 rei
997 1065 1131 1123 firmissi-

121 1172 206 1214 mum
235 1160 440 1231 argumentum
467 1153 522 1212 hoo
550 1160 608 1234 est,
636 1153 714 1231 quod
742 1154 952 1233 praefationem
975 1155 1007 1213 in
1030 1151 1130 1212 codice

124 1241 287 1302 Oxoniensi
310 1241 451 1303 habemus
474 1241 649 1322 breviorem,
673 1244 703 1301 in
727 1242 942 1320 Tegernseensi
960 1240 1131 1320 longiorem.

123 1333 166 1391 Ac
189 1349 227 1390 ne
251 1333 317 1409 quis
346 1349 416 1390 casn
444 1332 504 1390 sive
533 1348 586 1409 per
613 1329 829 1410 neglegentiam
857 1331 1000 1410 quaedam
1024 1332 1132 1390 omissa

126 1438 193 1480 esse
218 1419 308 1499 dicat,
335 1426 490 1497 utramque
513 1417 703 1498 praefationis
731 1420 855 1479 formam
879 1438 978 1480 sanam
1003 1437 1068 1479 esse
1091 1419 1132 1478 ia·

125 1507 182 1568 cile
203 1507 399 1568 demonstrari
417 1515 523 1586 potest.
561 1506 680 1568 Scilicet
698 1510 846 1586 antiquior
865 1501 910 1591 (a)
930 1507 1083 1568 desinebat
1101 1509 1132 1566 in

123 1595 239 1656 verbis:
273 1593 355 1656 ‘oum
383 1615 542 1674 ergo
567 1597 677 1656 erimus
705 1595 856 1656 heredes
885 1599 988 1674 regni
1016 1596 1132 1656 caelo·

123 1680 269 1766 lorum'3
293 1687 325 1745 in
343 1684 433 1745 altera
454 1678 501 1767 (b)
522 1687 631 1744 omisso
651 1684 706 1745 hoc
725 1687 876 1745 enuntiato
891 1703 965 1744 nora
983 1685 1132 1746 conclusio

126 1774 301 1852 longiorque
334 1773 431 1834 addita
464 1781 509 1833 est
538 1773 585 1832 his
612 1773 724 1833 verbis:
758 1769 857 1852 ‘ergo
889 1773 1132 1853 praeparanda

126 1871 197 1924 sunt
215 1862 360 1922 corda...
375 1870 409 1922 ut
427 1863 529 1940 regni
548 1864 611 1922 eins
626 1880 827 1923 mereamur
844 1880 909 1922 esse
925 1857 1132 1922 consortes.’

124 1955 167 2012 Ac
196 1950 389 2012 Benedictum
419 1951 538 2028 quidem
568 1950 715 2030 epilogum
744 1953 853 2030 prioris
884 1951 1021 2010 editionis
1050 1943 1132 2032 (cum

125 2058 196 2118 ergo
291 2042 377 2118 regni
400 2033 562 2122 caelorum)
592 2047 642 2100 aut
664 2042 782 2119 punctis
810 2039 983 2100 subnotasse
1006 2046 1056 2098 aut
1078 2057 1132 2098 un·

126 2131 202 2190 cinis
226 2127 382 2188 inclusisse
407 2128 594 2189 statuendum
622 2139 679 2208 est3
707 2127 844 2188 librarius
872 2135 970 2188 autern
994 2129 1054 2187 sive
1077 2145 1132 2206 per

125 2235 259 2278 errorem
279 2219 395 2277 sirene
416 2217 485 2295 quid
506 2220 655 2278 omitteret
672 2223 831 2295 utrumque
846 2217 1012 2295 descripsit.
1039 2216 1131 2276 Rene-

124 2307 237 2367 dictum
265 2324 332 2366 cum
359 2324 419 2365 non
446 2309 579 2384 potuisse
608 2305 710 2366 eadem
738 2307 882 2365 sententia
910 2304 957 2364 bis
980 2307 1026 2366 uti
1047 2304 1131 2365 facile

124 2393 326 2474 intellegatur,
354 2395 483 2454 editores
510 2394 599 2454 verba
626 2394 821 2454 redundantia
853 2391 979 2454 ‘erimus
1007 2394 1131 2454 heredes

124 2485 211 2562 regni
230 2479 394 2542 caelorum'
419 2483 590 2544 deleverunt
613 2482 741 2564 quidem,
763 2484 896 2562 protasin
914 2501 983 2542 vero
1004 2481 1131 2560 relique-

22 2646 27 2655 ,
124 2580 196 2633 runt
218 2573 411 2652 immutatam,
434 2572 512 2632 unde
535 2573 569 2633 tit
591 2580 624 2630 ut
646 2571 815 2631 foedissima
835 2571 1018 2632 anacoluthia
1036 2573 1131 2650 impu-

123 2669 205 2722 tetur
228 2663 375 2740 scriptori.
421 2661 458 2720 At
481 2660 626 2739 quomodo
651 2660 743 2720 codex
766 2660 798 2741 T,
823 2660 967 2721 secundae
992 2660 1130 2720 editionis

122 2751 298 2810 verissimus
321 2746 429 2810 testis?
465 2749 625 2830 Utramque
654 2749 814 2810 clausulam
838 2749 907 2809 olim
931 2747 1033 2809 habuit
1055 2751 1130 2809 inte-

23 2883 27 2891 .
123 2855 219 2918 gram,
242 2845 276 2898 ut
293 2840 325 2896 in
344 2841 438 2916 ipsius
457 2837 611 2900 Benedicti
630 2837 792 2918 exemplari
809 2837 930 2899 alteram
949 2840 980 2897 in
999 2839 1130 2916 margine

122 2929 218 3006 priori
255 2925 441 2986 subiunctam
473 2929 564 2988 luisse
596 2935 702 3006 pateat.
748 2927 900 2988 Librarius
933 2935 1030 2987 autem
1063 2945 1130 2987 cum

123 3016 196 3076 falso
216 3022 371 3091 utramque
392 3014 607 3095 descripsisset,
630 3016 791 3077 monachus
810 3016 1041 3096 Tegernseensis
1063 3032 1130 3093 per-

125 3112 225 3184 specta
250 3121 338 3183 prava
363 3102 496 3162 eiusdem
520 3107 682 3164 sententiae
711 3107 900 3186 repetitione,
929 3107 1020 3164 erasit
1042 3103 1131 3164 verba

22 3232 26 3241 ·
124 3189 252 3253 ‘erimus
280 3191 405 3252 heredes
437 3194 522 3269 regni
554 3189 728 3273 caelorum',
760 3195 800 3253 ita
828 3201 927 3253 tamen
957 3201 990 3253 ut
1016 3192 1130 3271 liquore

23 3260 28 3325 ἶ
125 3281 258 3342 chemico
269 3281 387 3341 adiutus
398 3279 603 3358 dignoscerem
617 3280 743 3340 litteras:
759 3277 825 3340 e...'
840 3280 1130 3342 b..ede....ni.......

122 3369 224 3448 ltaque
257 3377 290 3429 ut
317 3369 366 3430 ille
394 3368 557 3430 laudandus
583 3376 705 3448 propter
732 3377 875 3428 remotam
901 3386 1020 3446 pravam
1046 3387 1130 3448 repe-

23 3480 26 3491 ·
122 3461 274 3540 titionem,
304 3461 344 3520 ita
371 3457 595 3540 vituperandus,
624 3457 702 3537 qnod
730 3457 820 3517 officii
843 3456 994 3518 dimidiam
1017 3465 1131 3518 tantum

22 3592 26 3631 :
122 3556 238 3626 partem
265 3549 425 3628 praestitit3
454 3545 579 3608 debebat
606 3549 685 3608 enim
712 3548 844 3626 protasio
873 3565 990 3626 quoque
1019 3546 1130 3607 delere:
