2746 4108
264 181 329 235 VIII
658 181 870 237 PRAEFATIO.

264 327 344 392 ‘cum
368 347 438 409 ergo
528 326 682 391 officium'.
706 329 837 409 Denique
861 329 954 392 codex
977 329 1174 409 Sangallensis
1197 351 1272 411 quo·
1345 322 1348 393 ἐ

264 437 322 498 que
341 426 473 480 nostram
496 419 532 479 de
555 419 745 499 praefationis
768 418 930 498 appendice
953 420 1121 498 opinionem
1140 438 1175 481 eo
1199 439 1271 482 con·
1345 410 1350 483 i

264 509 370 590 firmat,
393 507 472 588 quod
490 507 578 569 rerba
603 503 690 587 ‘ergo
713 508 912 587 praeparanda
1010 506 1178 570 consortes'
1201 528 1271 589 pro·
1345 484 1350 575 i

185 599 189 608 '
263 596 330 676 logo
358 590 510 680 (Ausculta
539 591 609 680 etc.)
639 615 698 658 non
729 595 897 676 subiuncta,
928 596 979 657 sed
1009 601 1170 676 praemissa
1201 593 1273 660 sunt
1348 588 1350 609 “

263 687 406 746 orationis
429 704 518 747 cursu
542 688 582 746 ita
601 688 776 765 interrupto,
799 692 832 744 ut
850 687 1000 746 enuntiata
1018 685 1090 746 haec
1112 685 1184 747 iaiso
1203 685 1270 748 loco

264 780 363 834 assuta
386 792 452 834 esse
476 782 622 854 appareat.

329 861 425 924 Media
455 881 571 942 qnoque
603 863 746 942 praefatio
777 861 899 943 praebet
931 861 1097 941 exemplum
1129 871 1270 926 retracta·
1348 922 1350 949 ,

262 953 361 1012 tionis.
397 950 472 1012 Nam
491 969 558 1012 cum
574 949 751 1012 Benedictus
770 953 802 1011 in
819 953 917 1030 priore
937 950 1066 1012 editione
1086 954 1269 1032 scripsisset:
1351 991 1352 1026 r

263 1035 439 1101 ‘succinctis
458 1057 528 1119 ergo
546 1039 603 1100 fide
622 1038 668 1100 rel
687 1039 871 1101 observantia
893 1039 1038 1101 bonorum
1057 1048 1175 1102 actuum
1193 1040 1269 1102 lum·
1350 1053 1352 1120 ᾗ

262 1127 309 1188 bis
333 1130 443 1189 nostris
467 1136 496 1188 et
519 1127 649 1189 calciatis
672 1130 703 1189 in
725 1130 1001 1208 praeparatione
1025 1129 1168 1208 evangelii
1185 1133 1269 1209 pacis
1351 1137 1352 1156 i

263 1217 389 1295 pedibus
407 1235 565 1295 pergamus
583 1219 690 1278 itinera
708 1214 785 1279 eins’
805 1211 863 1301 (sic
881 1218 943 1278 iere
963 1217 1026 1278 cod.
1044 1211 1118 1300 OS),
1136 1220 1269 1282 imitatus
1351 1275 1352 1286 ,

261 1304 384 1365 Paulum
407 1305 571 1385 apostolum
594 1308 679 1386 epist.
701 1305 858 1387 Ephesii,
879 1303 933 1387 14,
956 1309 989 1366 in
1011 1305 1101 1367 altera
1125 1310 1268 1370 correxit:
1351 1313 1352 1316 ’

262 1389 437 1455 ‘srrccinctis
469 1413 539 1474 ergo
576 1394 633 1455 fide
664 1394 712 1456 rel
744 1394 928 1456 observantia
964 1395 1110 1478 bonorum
1147 1404 1269 1458 actuum

260 1481 368 1542 lumbis
400 1486 510 1544 nostris
542 1502 597 1564 per
628 1483 767 1545 ducatum
799 1482 941 1563 evangelii
972 1501 1129 1563 pergamus
1159 1486 1266 1546 itinera

261 1566 349 1632 cius’.
383 1571 520 1654 Offendit,
538 1575 597 1633 nisi
615 1571 708 1653 fallor,
726 1575 758 1633 in
776 1571 959 1651 metaphora:
983 1572 1112 1633 calciatis
1131 1575 1162 1632 in
1180 1592 1266 1652 prae·
1350 1563 1352 1570 ¹

261 1661 411 1739 paratione
431 1659 574 1740 evangeiii
592 1663 673 1740 pacis
691 1661 826 1742 pedibuS,
847 1679 1023 1740 quamquam
1042 1679 1101 1721 non
1120 1661 1266 1722 dubitavit

261 1748 392 1809 scribere
420 1752 452 1810 iu
478 1750 671 1829 praefatione:
700 1747 827 1811 ‘inclina
854 1761 976 1810 aurem
1003 1749 1123 1810 cordis
1153 1745 1213 1811 tui’
1237 1758 1268 1812 et
1336 1755 1352 1826 Q

260 1837 371 1898 ibidem
395 1834 428 1899 ‘a
451 1837 657 1918 conspectibus
682 1839 779 1899 cordis
788 1835 806 1918 ',
831 1857 892 1918 cap.
912 1835 932 1900 5
956 1837 1159 1898 oboedientiae
1179 1839 1263 1918 pede.
1350 1837 1352 1876 ³

260 1925 331 2007 Sed,
363 1933 430 1988 utut
457 1934 515 2008 est,
545 1926 640 1987 deleta
668 1945 735 1988 cum
763 1927 828 1988 aliis
857 1923 1149 2006 ‘praeparatione
1179 1946 1265 1988 evan·

260 2010 344 2092 gelii'
369 2016 446 2076 idern
473 2015 596 2076 verbum
623 2015 740 2076 induxit
766 2017 797 2075 in
825 2014 946 2076 alterius
972 2016 1109 2076 editionis
1133 2016 1265 2096 epilogo:

261 2101 349 2182 ‘ergo
372 2105 613 2184 praeparanda
633 2111 702 2165 sunt
721 2099 833 2166 corda'.
866 2103 997 2183 Denique
1017 2107 1110 2164 eiecto
1130 2111 1191 2165 toto
1211 2104 1262 2165 iilo

261 2195 425 2253 enuntiato:
449 2189 532 2254 ‘cum
551 2211 621 2272 ergo
641 2241 691 2254 ...
710 2193 835 2253 heredes
853 2195 938 2270 regni
956 2192 1103 2252 caelorum
1110 2189 1129 2274 ',
1152 2196 1264 2256 rectius

156 2287 157 2290 ’
260 2287 456 2342 conectuntur
475 2285 646 2357 sententiae,
668 2284 694 2342 si
712 2281 831 2360 quidem
849 2281 939 2342 verba
958 2277 1043 2359 ‘ergo
1062 2283 1263 2362 praeparanda

261 2375 330 2428 sunt
353 2369 441 2430 corda
464 2378 493 2430 et
516 2389 639 2448 corpora
662 2377 763 2431 nostra
786 2378 903 2431 sanctae
926 2379 1151 2449 praeceptorum
1174 2370 1262 2432 oboe-

260 2457 387 2518 dientiae
410 2454 576 2520 militanda'
600 2453 657 2542 (-=
677 2452 849 2542 militatura)
873 2458 1043 2520 referuntur
1070 2477 1129 2519 non
1152 2460 1189 2520 ad
1212 2479 1263 2539 pe-

260 2546 377 2606 riodum
400 2547 524 2608 anobis
543 2550 691 2629 omissam,
715 2566 788 2627 quae
808 2550 839 2608 in
858 2547 1009 2608 codicibus
1028 2549 1187 2628 praecedit,
1211 2550 1263 2609 sed

260 2634 295 2694 ad
320 2634 408 2694 verba
431 2654 520 2715 supra
548 2639 669 2716 scripta:
700 2632 851 2696 ‘dominus
879 2643 1030 2716 exspectat
1059 2639 1121 2697 suis
1145 2639 1265 2698 monitis

261 2723 345 2783 sactis
373 2742 427 2784 nos
450 2725 631 2804 respondere
654 2721 788 2805 debere’,
816 2735 845 2784 et
869 2744 895 2804 q.
912 2744 933 2784 s.
979 2725 1113 2786 Tertium
1136 2725 1263 2805 Regulae

260 2819 434 2873 retractatae
462 2812 628 2892 exemplum
656 2820 735 2873 extat
762 2832 823 2892 cap.
843 2811 877 2893 6,
904 2813 956 2874 ubi
986 2815 1018 2873 in
1041 2812 1091 2874 OS
1115 2814 1266 2894 leguntur:

260 2919 329 2961 cum
352 2919 467 2962 summa
489 2905 669 2982 reverentia,
692 2919 730 2961 ne
753 2901 885 2962 videatur
908 2901 975 2982 plus
998 2902 1079 2982 ioqui
1103 2923 1190 2982 quam
1214 2923 1263 2964 ex-

259 2990 350 3072 pedit,
369 2993 400 3050 in
415 2991 451 3050 T:
471 2993 632 3052 cumomni
650 2989 814 3052 humilitate
833 2999 863 3052 et
882 2989 1065 3052 subiectione
1083 2995 1265 3052 reverentiae

260 3081 458 3158 requirantur.
504 3079 590 3140 Plura
619 3082 766 3158 congessit
788 3079 871 3140 Edm.
903 3079 1035 3142 Schmidt
1058 3100 1085 3159 p.
1110 3077 1185 3140 xvn
1212 3098 1264 3159 sq,

260 3187 334 3248 quiae
353 3177 452 3230 tamen
471 3187 645 3230 enumerare
660 3168 780 3248 longum
795 3177 849 3250 est,
867 3188 923 3232 nec
936 3169 1022 3249 plane
1037 3174 1151 3252 constat
1166 3169 1263 3228 sintne

259 3276 314 3336 per
337 3277 469 3336 errorem
495 3260 594 3338 potius
621 3265 689 3319 nata
717 3277 754 3318 an
782 3278 817 3319 ex
845 3257 1044 3337 interpolandi
1071 3255 1167 3316 studio
1196 3275 1264 3334 pro-

262 3347 345 3426 iecta,
370 3365 444 3426 quae
467 3347 515 3407 ille
540 3347 678 3408 secundis
702 3347 854 3408 benedicti
877 3349 956 3408 curis
980 3344 1091 3404 tribuit.
1349 3427 1350 3434 ἵ

328 3435 437 3496 Verum
451 3455 510 3496 non
525 3439 556 3496 in
571 3437 618 3497 his
633 3435 774 3516 substitit,
793 3454 861 3496 cum
879 3433 1010 3512 regulam
1029 3435 1137 3494 iterum
1156 3433 1266 3516 ederet,

219 3543 224 3550 ’
262 3541 365 3584 manns
393 3523 546 3584 Benedicti
576 3524 771 3604 emendatrix,
800 3523 911 3584 addidit
938 3523 1017 3581 enim
1046 3524 1078 3582 in
1101 3523 1159 3584 fine
1183 3541 1264 3604 capp.
