2746 4108
225 169 247 232 4

629 166 827 222 PROLOGUS.

226 320 324 378 miuus
348 316 438 377 dicit:
463 314 552 376 ‘Nolo
575 323 701 377 mortem
724 317 898 398 peccatoris,
920 315 971 377 sed
996 323 1184 378 convertatur
1207 330 1240 379 et

227 401 333 466 vivat'

274 487 320 578 (a)
367 493 440 555 Cum

187 601 310 663 mergo
347 585 439 643 inter·

238 689 426 750 rogassemus

247 760 413 842 domiuum,

226 849 351 930 iratres,
401 847 438 908 de

248 937 413 999 habitatore

187 1045 213 1086 as
240 1023 424 1088 tabernaculi

228 1117 307 1196 eius,
327 1114 439 1175 audivi·

227 1222 294 1264 mus
356 1202 438 1264 hahi-

226 1291 309 1352 tandi
355 1309 439 1371 prae-

228 1387 359 1461 ceptum3
388 1380 440 1442 sed

187 1489 214 1527 oo
228 1471 253 1529 si
304 1468 439 1550 conplea-

226 1575 292 1618 mus
327 1557 439 1619 habita-

248 1649 322 1707 toris
354 1647 415 1707 offi-

227 1737 306 1796 cium
318 1783 327 1817 ‚
382 1737 440 1796 eri·

227 1843 293 1884 mus
335 1825 440 1884 here-

187 1929 212 1970 os
228 1912 288 1974 des
334 1916 440 1993 regni

228 2001 416 2064 caelorum.

561 485 609 578 (h)
633 493 724 572 Ergo
747 493 991 574 praeparanda
1009 501 1079 555 sunt
1097 495 1186 556 corda
1205 503 1237 556 et

494 600 618 662 corpora
640 589 742 642 nostra
760 589 877 643 sanctae
898 590 1124 662 praeceptorum
1147 583 1237 645 oboe-

494 672 621 732 dientiae
649 666 828 732 *militanda
868 671 906 732 Et
929 671 1007 751 quod
1031 675 1130 733 minus
1148 671 1238 734 habet

492 763 525 820 in
542 777 597 820 nos
615 766 721 820 natura
738 759 890 841 possibile,
912 778 1051 839 rogemus
1070 760 1238 842 Dominum,

492 855 526 908 ut
553 850 663 927 gratiae
692 866 762 909 suae
795 843 915 910 *iubeat
942 848 1028 910 nobis
1056 850 1238 912 adiutorium

493 939 671 998 ministrare.
701 936 739 998 Et
758 939 784 998 si
799 937 945 1016 fugientes
960 938 1110 1018 gehennae
1124 957 1237 1019 poenas

493 1025 529 1086 ad
565 1027 655 1086 vitam
690 1025 826 1087 volumus
861 1029 1017 1105 pervenire
1053 1035 1237 1109 perpetuam,

493 1114 564 1176 dum
583 1114 678 1175 adhuc
695 1122 786 1196 vacat,
807 1122 838 1176 et
855 1117 886 1175 in
905 1115 961 1176 hoo
980 1134 1105 1196 corpore
1124 1135 1237 1197 sumus,

494 1211 524 1264 et
546 1203 618 1264 haee
642 1205 740 1264 omnia
762 1203 914 1283 perhanc
941 1203 1017 1265 lueis
1043 1207 1133 1266 vitam
1154 1213 1238 1266 vacat

494 1291 617 1371 implere
650 1325 693 1336 —
726 1292 906 1353 currendum
942 1301 972 1354 et
1009 1295 1155 1373 agendum
1192 1304 1238 1356 est

493 1380 582 1441 modo
609 1381 688 1460 quod
716 1383 747 1441 in
775 1388 952 1460 perpetuum
979 1381 1065 1443 nobis
1091 1382 1236 1463 expediat,

561 1469 773 1531 Constituendo
797 1477 843 1531 est
866 1488 936 1549 ergo
955 1489 972 1531 a
990 1470 1077 1532 nobis
1095 1471 1238 1533 dominici

495 1558 594 1620 schola
627 1560 748 1620 servitii.
794 1558 827 1619 ln
860 1577 917 1638 qua
948 1561 1134 1621 institutione
1163 1561 1238 1622 nihil

494 1665 641 1729 asperum,
664 1647 738 1708 nihil
757 1665 844 1726 grave
864 1665 918 1708 nos
938 1651 1151 1710 constituturos
1171 1668 1238 1729 spe-

494 1754 609 1817 ramus3
629 1730 696 1820 (sed
716 1743 746 1797 et
764 1738 791 1796 si
810 1737 880 1816 quid
898 1736 1049 1816 paululum
1067 1741 1236 1800 restrictius

494 1824 623 1886 dictante
652 1827 808 1904 aequitatis
842 1828 956 1886 ratione
987 1834 1110 1906 propter
1139 1845 1239 1889 emen-

494 1913 643 1974 dationem
665 1915 805 1974 vitiornm
823 1914 870 1974 vel
888 1917 1141 1976 conservationem
1163 1919 1238 1977 cari·

494 2004 563 2062 tatis
577 2004 766 2083 processerit,
781 2020 841 2063 non
855 2002 924 2064 ilico
939 2022 1046 2083 pavore
1060 2008 1238 2084 perterritus

494 2091 623 2170 refugias
641 2093 718 2151 viam
737 2090 850 2172 salutis,
872 2110 947 2171 quae
966 2111 1026 2154 nou
1045 2101 1090 2154 est
1109 2095 1169 2154 nisi
1187 2113 1238 2154 an·

494 2189 580 2260 gusto
603 2182 689 2241 initio
712 2180 889 2261 incipienda,
911 2199 1056 2260 processu
1078 2201 1148 2244 vero
1167 2201 1237 2244 con·

495 2271 670 2330 versationis
684 2275 715 2329 et
726 2268 795 2328 fidei
809 2267 929 2330 dilatato
944 2270 1033 2331 corde
1047 2271 1239 2332 inenarrabili

494 2357 661 2418 dilectionis
685 2356 841 2418 dulcedine
865 2360 995 2419 curritur
1018 2361 1063 2420 via
1087 2360 1237 2421 mandato·

494 2465 561 2506 rum
574 2446 627 2506 Dei
637 2441 660 2530 3)
675 2453 708 2507 ut
727 2446 763 2507 ab
777 2447 871 2526 ipsius
890 2465 1050 2527 numquam
1068 2451 1238 2528 magisterio

494 2534 681 2596 discedentes
699 2538 732 2595 in
751 2537 815 2596 eius
835 2535 969 2597 doctrina
990 2555 1085 2616 usque
1104 2538 1140 2598 ad
1159 2556 1238 2599 mor-

493 2630 554 2682 tem
568 2626 599 2683 in
613 2626 792 2684 monasterio
807 2633 1032 2703 perseverantes
1049 2626 1239 2705 passionibus

494 2710 606 2771 Christi
641 2730 695 2791 per
735 2714 907 2790 patientiam
943 2716 1170 2796 participemur,
1206 2724 1240 2777 ut

494 2802 597 2878 regni
620 2803 684 2860 eius
708 2817 875 2862 mereamur
898 2820 964 2863 esse
988 2814 1187 2865 consortes.

301 2992 333 3040 19
341 2988 379 3057 (a)
399 3003 462 3040 oum
485 3003 599 3058 ergo..
616 2988 782 3043 caelorum
804 2996 898 3046 extant
920 2993 952 3046 iu
976 2992 1067 3060 OST,
1089 2994 1146 3048 nisi
1168 2996 1241 3063 quod

231 3074 254 3112 o.
271 3059 338 3113 87
326 3076 359 3112 ou
378 3057 401 3113 0
419 3059 550 3128 scripum
567 3066 605 3115 est
622 3059 792 3129 habitantis,
811 3078 834 3115 c.
851 3063 917 3116 96'
905 3080 937 3116 eu
955 3063 977 3118 S
993 3063 1121 3118 celorum.
1150 3064 1240 3120 Amen

229 3131 298 3184 etin
314 3131 339 3184 Τ
350 3147 457 3185 erasum
471 3136 539 3184 92-
542 3137 575 3186 96
590 3131 730 3186 erimus..
743 3131 903 3186 ,caelorum
919 3133 972 3203 (Of.
984 3136 1073 3217 praefi
1085 3151 1150 3204 paq.
1166 3137 1239 3206 VII)
1352 3207 1355 3214 Ι

300 3201 385 3272 aad)
409 3218 500 3273 ergo.
517 3205 683 3257 .conaortes
705 3219 762 3257 non
785 3205 808 3258 le
826 3210 911 3260 untur
932 3206 965 3258 iu
989 3205 1024 3272 0,
1047 3207 1078 3258 in
1096 3206 1118 3259 S
1137 3209 1241 3277 scripta

230 3273 261 3326 in
275 3274 415 3342 principio
430 3275 615 3342 praefationis
633 3281 696 3329 ante
713 3221 850 3330 Ausoufta
911 3281 945 3329 81
964 3275 1120 3330 militatura
1133 3295 1198 3334 rece

233 3349 281 3397 101
301 3344 471 3400 monasterio
492 3347 517 3398 Τ
588 3351 637 3401 105
657 3362 743 3416 regno
764 3348 789 3400 T
796 3347 804 3378 ¹
876 3349 1030 3416 consortem
1049 3349 1171 3404 emenS
