2746 4108
589 224 665 279 CAP.
680 224 713 278 V.

433 437 463 492 V.
492 437 553 490 DE
573 435 865 492 OBOEDIENTIA.

210 550 329 610 Primus
356 549 531 610 humilitatis
559 549 667 628 gradus
696 557 741 610 est
768 549 942 610 oboedentia
970 553 1034 610 sine
1062 567 1153 610 mora.

143 639 223 700 Haec
247 640 386 699 convenit
408 639 455 698 his
479 639 530 718 qui
553 638 626 698 nibil
651 636 709 699 sibi
731 635 764 699 *a
784 639 900 699 Christo
925 641 1022 700 carius
1043 638 1153 718 aliquid

147 730 331 789 exestimant.
364 727 488 807 Propter
508 729 661 788 servitium
680 735 813 788 sanetum
833 728 912 806 quod
930 728 1058 807 professi
1077 737 1154 808 sunt,

145 836 198 878 seu
220 823 343 896 propter
369 823 481 876 metum
510 816 660 895 gehennae
683 815 730 877 rei
753 816 876 895 gloriam
903 819 980 877 vitae
1008 824 1154 898 aeternae,
1181 833 1194 872 a

147 903 231 968 *mox
249 912 283 966 ut
302 904 412 984 aliquid
432 923 448 964 a
466 907 579 966 maiore
597 907 773 984 imperatum
793 907 891 987 fuerit,
915 925 948 966 ao
968 908 994 966 si
1013 906 1154 966 divinitus

145 997 323 1074 imperetur,
349 1010 463 1054 moram
490 996 551 1072 pati
578 996 713 1054 nesciant
737 997 769 1054 in
792 995 934 1056 faciendo.
981 994 1022 1055 De
1046 994 1154 1074 quibus

145 1083 288 1144 Dominus
312 1082 397 1143 dicit:
426 1078 590 1143 ‘Obauditu
613 1085 694 1143 auris
718 1082 867 1144 oboedivit
889 1079 993 1166 mibi'3
1024 1090 1053 1144 et
1075 1083 1154 1143 idem

146 1173 217 1232 dicit
241 1170 426 1232 doctoribus:
450 1167 523 1243 ‘Qut
545 1189 597 1232 vos
621 1171 703 1232 audit
720 1189 768 1232 me
792 1168 897 1233 audit'

211 1260 289 1339 Ergo
317 1257 474 1321 *biitales
497 1260 700 1339 relinquentes
724 1263 822 1321 statim
846 1280 920 1340 quae
945 1280 998 1322 sua
1021 1268 1102 1341 sunt,
1126 1267 1155 1320 et
1170 1279 1196 1320 ao

144 1349 325 1410 voluntatem
348 1351 499 1428 propriam
520 1349 701 1430 deserentes,
724 1368 792 1410 mox
811 1353 1000 1430 exoccupatis
1018 1349 1155 1410 manibus

145 1446 174 1499 et
202 1438 281 1517 quod
312 1437 439 1517 agebant
465 1439 663 1516 inperfectum
694 1438 910 1520 relinquenteS,
942 1441 1039 1500 vicino
1068 1439 1154 1500 oboe-

145 1528 273 1588 dientiae
301 1527 376 1610 pede
405 1525 535 1588 iubentis
562 1545 665 1588 vocem
693 1527 778 1589 factis
804 1535 981 1608 sequuntur,
1009 1536 1043 1588 ut
1065 1527 1156 1588 veluti

144 1635 203 1677 uno
226 1621 377 1678 momento
404 1615 555 1694 praedicta
582 1618 717 1695 magistri
739 1618 832 1676 iussio
862 1623 891 1677 et
913 1617 1044 1696 perfecta
1067 1617 1155 1676 disci-

144 1704 207 1784 puli
232 1722 322 1784 opera
346 1738 387 1746 —
411 1707 442 1764 in
469 1703 624 1765 velocitate
653 1707 769 1765 timoris
792 1704 846 1765 Dei
874 1705 976 1767 ambae
999 1723 1049 1766 res
1077 1723 1154 1766 com·
1171 1720 1195 1762 15

146 1795 277 1854 muniter
300 1795 388 1854 citius
413 1793 605 1871 explicantur.

213 1881 327 1953 Quibus
356 1881 505 1944 advitam
532 1889 682 1943 aeternam
709 1883 864 1961 gradiendi
891 1901 974 1943 amor
1001 1881 1156 1963 incumbit,

145 1971 212 2030 ideo
236 1977 390 2048 angustam
413 1972 490 2030 viam
513 1973 661 2050 arripiunt
684 1965 778 2055 (unde
800 1971 943 2032 Dominus
967 1971 1053 2031 dicit:
1087 1967 1154 2030 ‘An-

145 2067 230 2138 gusta
252 2061 299 2119 via
323 2066 368 2119 est
392 2077 466 2138 quae
490 2059 572 2120 ducit
594 2060 630 2120 ad
654 2053 790 2144 vitam'),
817 2068 931 2122 utnon
954 2078 1008 2121 suo
1032 2058 1154 2119 arbitrio

144 2151 276 2210 virentes
307 2147 355 2208 rel
387 2148 543 2208 desideriis
576 2151 638 2208 suis
671 2158 700 2210 et
728 2148 927 2210 voluntatibus
955 2147 1154 2229 oboedientes,
1169 2166 1195 2206 ao

147 2237 198 2298 sed
222 2235 406 2298 ambulantes
430 2235 525 2296 alieno
545 2237 654 2298 iudicio
678 2245 707 2298 et
731 2239 856 2318 imperio
880 2239 911 2298 in
930 2236 1081 2298 coenobiis
1105 2237 1155 2298 de-

147 2333 249 2404 gentes
274 2325 409 2386 abbatem
435 2324 492 2386 sibi
519 2345 657 2406 praeesse
681 2325 859 2387 desiderant.
906 2327 975 2387 Sine
999 2325 1088 2386 dubio
1112 2327 1155 2387 hii

145 2414 218 2475 tales
247 2413 328 2474 illam
350 2413 480 2474 Domini
495 2416 649 2475 imitantur
678 2417 855 2476 sententiam
879 2435 936 2494 qua
961 2416 1045 2476 dicit:
1074 2412 1154 2476 ‘Non

144 2505 211 2564 reni
244 2503 341 2564 iacere
373 2502 554 2563 voluntatem
585 2522 683 2564 meam
715 2505 767 2564 sed
798 2507 862 2566 eius
895 2507 946 2584 qui
978 2507 1059 2564 misit
1082 2501 1154 2564 me'

145 2591 202 2652 Sed
231 2591 304 2652 baec
330 2594 395 2670 ipsa
425 2591 612 2652 oboedientia
639 2600 710 2654 tuno
738 2593 928 2673 acceptabilis
956 2596 1013 2654 erit
1035 2592 1095 2653 Deo
1126 2601 1195 2654 etas

144 2679 240 2740 dulcis
258 2680 437 2762 hominibuS,
461 2683 488 2740 si
507 2681 585 2760 quod
604 2681 732 2763 iubetur,
751 2701 811 2742 non
829 2683 954 2764 trepide,
967 2701 1028 2742 non
1045 2681 1154 2762 tepide,

142 2786 203 2830 non
226 2769 323 2851 tarde,
347 2776 397 2830 aut
420 2788 488 2830 cum
510 2773 673 2831 murmorio
701 2770 747 2832 vel
775 2791 842 2832 cum
866 2789 1009 2850 responso
1027 2770 1155 2832 nolentis

144 2859 304 2919 efficiatur:
329 2860 397 2937 quia
419 2858 605 2919 oboedientia
625 2879 699 2938 quae
723 2859 885 2922 maioribus
904 2859 1072 2940 praebetur,
1094 2858 1154 2919 1166

213 3080 238 3137 V
256 3087 274 3134 4
293 3081 462 3136 exestimant
480 3082 532 3137 ST
567 3082 729 3137 existimant
749 3082 787 3138 01
840 3083 995 3153 (iimperat
996 3101 1044 3137 um
1062 3099 1079 3136 6
1097 3099 1156 3136 ma-

142 3151 201 3206 iore
220 3151 272 3207 ST
334 3152 488 3208 8idem0
523 3153 625 3207 iterum
643 3153 696 3209 ST
753 3161 785 3207 13
805 3154 998 3222 sequanturS
1057 3160 1091 3207 20
1109 3171 1155 3208 vo-

141 3222 301 3278 luntatibus
315 3225 391 3278 restit
391 3225 423 3278 61
436 3242 496 3280 oum
513 3224 592 3280 OST
608 3225 850 3292 6611121138
877 3225 1069 3294 voluptatibus
1083 3227 1154 3296 only.

215 3295 300 3350 6161
315 3293 431 3378 iudioio]
452 3295 544 3350 6116116
564 3266 922 3367 666616161116111161616.
979 3303 1012 3351 26
1031 3299 1156 3352 1161116-

140 3359 207 3435 pide
229 3383 287 3421 non
308 3365 886 3447 166116161116161166661661666616611
906 3368 1023 3449 Aupnst
1043 3369 1076 3422 de
1094 3385 1155 3422 eon·

141 3454 222 3492 66666
240 3441 418 3508 66666113
440 3437 565 3508 trepidas
589 3440 618 3490 61
639 3436 750 3507 tepidas
775 3437 932 3493 contradict
920 3438 1073 3494 tiunoulaa:
1099 3455 1155 3493 non

143 3508 252 3586 trepide
270 3525 327 3562 non
345 3509 426 3563 tarde
444 3527 500 3563 non
519 3507 613 3578 tepide
635 3508 657 3563 O
687 3525 744 3563 non
757 3509 852 3578 tepide
865 3527 922 3564 non
935 3511 1017 3566 16116
1030 3529 1086 3568 non
1100 3513 1155 3566 tre-

144 3576 210 3646 pide
226 3579 251 3632 Τ
317 3585 350 3634 27
369 3579 520 3636 murmurio
538 3580 656 3651 ST(O?)
729 3597 792 3635 eum
811 3598 860 3637 om
878 3583 903 3636 Τ
