<?xml version="1.0" encoding="UTF-8"?>
<!DOCTYPE html PUBLIC "-//W3C//DTD XHTML 1.0 Transitional//EN"
    "http://www.w3.org/TR/xhtml1/DTD/xhtml1-transitional.dtd">
<html xmlns="http://www.w3.org/1999/xhtml" xml:lang="en" lang="en">
 <head>
  <title>
</title>
<meta http-equiv="Content-Type" content="text/html;charset=utf-8" />
  <meta name='ocr-system' content='tesseract 3.04.00' />
  <meta name='ocr-capabilities' content='ocr_page ocr_carea ocr_par ocr_line ocrx_word'/>
</head>
<body>
  <div class='ocr_page' id='page_1' title='image "benedictiregula01wlgoog_0023.png"; bbox 0 0 2746 4108; ppageno 0'>
   <div class='ocr_carea' id='block_1_1' title="bbox 240 968 886 1090">
    <p class='ocr_par' dir='ltr' id='par_1_1' title="bbox 240 968 886 1090">
     <span class='ocr_line' id='line_1_1' title="bbox 240 968 886 1090; baseline 0.003 -36"><span class='ocrx_word' id='word_1_1' title='bbox 240 968 584 1054; x_wconf 77' lang='lat' dir='ltr'>annnorum</span> <span class='ocrx_word' id='word_1_2' title='bbox 614 969 886 1090; x_wconf 69' lang='lat' dir='ltr'>nocuus.</span> 
     </span>
    </p>
   </div>
   <div class='ocr_carea' id='block_1_2' title="bbox 71 1239 1112 2476">
    <p class='ocr_par' dir='ltr' id='par_1_2' title="bbox 71 1239 1111 2029">
     <span class='ocr_line' id='line_1_2' title="bbox 126 1239 1068 1320; baseline 0 -19"><span class='ocrx_word' id='word_1_3' title='bbox 126 1239 279 1320; x_wconf 81' lang='lat' dir='ltr'>Ausculta,</span> <span class='ocrx_word' id='word_1_4' title='bbox 307 1257 323 1299; x_wconf 92' lang='lat' dir='ltr'>o</span> <span class='ocrx_word' id='word_1_5' title='bbox 347 1239 402 1320; x_wconf 87' lang='lat' dir='ltr'>tili,</span> <span class='ocrx_word' id='word_1_6' title='bbox 429 1246 587 1318; x_wconf 87' lang='lat' dir='ltr'>praecepta</span> <span class='ocrx_word' id='word_1_7' title='bbox 614 1240 750 1318; x_wconf 82' lang='lat' dir='ltr'>magistri</span> <span class='ocrx_word' id='word_1_8' title='bbox 778 1246 807 1300; x_wconf 89' lang='lat' dir='ltr'>et</span> <span class='ocrx_word' id='word_1_9' title='bbox 834 1241 943 1303; x_wconf 88' lang='lat' dir='ltr'>iuelina</span> <span class='ocrx_word' id='word_1_10' title='bbox 966 1259 1068 1302; x_wconf 90' lang='lat' dir='ltr'>aurem</span> 
     </span>
     <span class='ocr_line' id='line_1_3' title="bbox 71 1327 1070 1410; baseline 0.001 -20"><span class='ocrx_word' id='word_1_11' title='bbox 71 1329 159 1390; x_wconf 89' lang='lat' dir='ltr'>:ordis</span> <span class='ocrx_word' id='word_1_12' title='bbox 187 1331 232 1390; x_wconf 90' lang='lat' dir='ltr'>tui</span> <span class='ocrx_word' id='word_1_13' title='bbox 259 1335 289 1389; x_wconf 91' lang='lat' dir='ltr'>et</span> <span class='ocrx_word' id='word_1_14' title='bbox 316 1328 547 1389; x_wconf 81' lang='lat' dir='ltr'>admonitionem</span> <span class='ocrx_word' id='word_1_15' title='bbox 574 1329 617 1406; x_wconf 93' lang='lat' dir='ltr'>pii</span> <span class='ocrx_word' id='word_1_16' title='bbox 643 1331 736 1407; x_wconf 90' lang='lat' dir='ltr'>patris</span> <span class='ocrx_word' id='word_1_17' title='bbox 759 1327 887 1390; x_wconf 82' lang='lat' dir='ltr'>libenter</span> <span class='ocrx_word' id='word_1_18' title='bbox 913 1332 1016 1410; x_wconf 81' lang='lat' dir='ltr'>excipe</span> <span class='ocrx_word' id='word_1_19' title='bbox 1040 1339 1070 1391; x_wconf 91' lang='lat' dir='ltr'>et</span> 
     </span>
     <span class='ocr_line' id='line_1_4' title="bbox 71 1415 1069 1499; baseline 0 -19"><span class='ocrx_word' id='word_1_20' title='bbox 71 1419 221 1480; x_wconf 77' lang='lat' dir='ltr'>rfficaciter</span> <span class='ocrx_word' id='word_1_21' title='bbox 249 1417 376 1499; x_wconf 87' lang='lat' dir='ltr'>comple,</span> <span class='ocrx_word' id='word_1_22' title='bbox 408 1423 442 1478; x_wconf 90' lang='lat' dir='ltr'>ut</span> <span class='ocrx_word' id='word_1_23' title='bbox 469 1417 505 1478; x_wconf 94' lang='lat' dir='ltr'>ad</span> <span class='ocrx_word' id='word_1_24' title='bbox 533 1435 600 1477; x_wconf 88' lang='lat' dir='ltr'>eum</span> <span class='ocrx_word' id='word_1_25' title='bbox 627 1435 682 1496; x_wconf 93' lang='lat' dir='ltr'>per</span> <span class='ocrx_word' id='word_1_26' title='bbox 709 1415 913 1480; x_wconf 88' lang='lat' dir='ltr'>oboedientiae</span> <span class='ocrx_word' id='word_1_27' title='bbox 938 1418 1069 1480; x_wconf 89' lang='lat' dir='ltr'>laborem</span> 
     </span>
     <span class='ocr_line' id='line_1_5' title="bbox 71 1504 1110 1586; baseline 0 -18"><span class='ocrx_word' id='word_1_28' title='bbox 71 1507 164 1569; x_wconf 83' lang='lat' dir='ltr'>edeas</span> <span class='ocrx_word' id='word_1_29' title='bbox 188 1525 286 1586; x_wconf 91' lang='lat' dir='ltr'>aquo</span> <span class='ocrx_word' id='word_1_30' title='bbox 309 1523 364 1586; x_wconf 89' lang='lat' dir='ltr'>per</span> <span class='ocrx_word' id='word_1_31' title='bbox 387 1505 624 1566; x_wconf 78' lang='lat' dir='ltr'>inoboedientiae</span> <span class='ocrx_word' id='word_1_32' title='bbox 648 1504 792 1566; x_wconf 78' lang='lat' dir='ltr'>desidiam</span> <span class='ocrx_word' id='word_1_33' title='bbox 814 1525 991 1569; x_wconf 84' lang='lat' dir='ltr'>recesseras.</span> <span class='ocrx_word' id='word_1_34' title='bbox 1026 1508 1069 1568; x_wconf 79' lang='lat' dir='ltr'>Ad</span> <span class='ocrx_word' id='word_1_35' title='bbox 1097 1519 1110 1558; x_wconf 76' lang='lat'>⁵</span> 
     </span>
     <span class='ocr_line' id='line_1_6' title="bbox 72 1594 1070 1675; baseline -0.002 -16"><span class='ocrx_word' id='word_1_36' title='bbox 72 1616 88 1659; x_wconf 89' lang='lat' dir='ltr'>e</span> <span class='ocrx_word' id='word_1_37' title='bbox 113 1614 184 1674; x_wconf 79' lang='lat' dir='ltr'>ergo</span> <span class='ocrx_word' id='word_1_38' title='bbox 207 1613 286 1658; x_wconf 89' lang='lat' dir='ltr'>nunc</span> <span class='ocrx_word' id='word_1_39' title='bbox 308 1595 382 1656; x_wconf 93' lang='lat' dir='ltr'>mibi</span> <span class='ocrx_word' id='word_1_40' title='bbox 405 1612 502 1655; x_wconf 89' lang='lat' dir='ltr'>sermo</span> <span class='ocrx_word' id='word_1_41' title='bbox 527 1594 680 1675; x_wconf 79' lang='lat' dir='ltr'>diregitur,</span> <span class='ocrx_word' id='word_1_42' title='bbox 704 1596 840 1674; x_wconf 90' lang='lat' dir='ltr'>quisquis</span> <span class='ocrx_word' id='word_1_43' title='bbox 859 1595 1070 1658; x_wconf 91' lang='lat' dir='ltr'>abrenuntians</span> 
     </span>
     <span class='ocr_line' id='line_1_7' title="bbox 71 1682 1070 1765; baseline -0.001 -18"><span class='ocrx_word' id='word_1_44' title='bbox 71 1687 190 1765; x_wconf 82' lang='lat' dir='ltr'>tropriis</span> <span class='ocrx_word' id='word_1_45' title='bbox 208 1683 408 1746; x_wconf 88' lang='lat' dir='ltr'>voluntatibus</span> <span class='ocrx_word' id='word_1_46' title='bbox 426 1683 550 1743; x_wconf 88' lang='lat' dir='ltr'>Domino</span> <span class='ocrx_word' id='word_1_47' title='bbox 575 1682 692 1744; x_wconf 85' lang='lat' dir='ltr'>Christo</span> <span class='ocrx_word' id='word_1_48' title='bbox 718 1701 785 1744; x_wconf 89' lang='lat' dir='ltr'>vero</span> <span class='ocrx_word' id='word_1_49' title='bbox 805 1686 869 1763; x_wconf 82' lang='lat' dir='ltr'>regi</span> <span class='ocrx_word' id='word_1_50' title='bbox 891 1684 1070 1746; x_wconf 87' lang='lat' dir='ltr'>militaturus</span> 
     </span>
     <span class='ocr_line' id='line_1_8' title="bbox 71 1771 1070 1856; baseline -0.004 -18"><span class='ocrx_word' id='word_1_51' title='bbox 71 1773 265 1838; x_wconf 79' lang='lat' dir='ltr'>tboedientiae</span> <span class='ocrx_word' id='word_1_52' title='bbox 289 1773 450 1834; x_wconf 78' lang='lat' dir='ltr'>fortissima</span> <span class='ocrx_word' id='word_1_53' title='bbox 470 1779 557 1851; x_wconf 85' lang='lat' dir='ltr'>atque</span> <span class='ocrx_word' id='word_1_54' title='bbox 580 1771 731 1851; x_wconf 89' lang='lat' dir='ltr'>praeclara</span> <span class='ocrx_word' id='word_1_55' title='bbox 754 1791 835 1834; x_wconf 91' lang='lat' dir='ltr'>arma</span> <span class='ocrx_word' id='word_1_56' title='bbox 858 1773 1003 1856; x_wconf 83' lang='lat' dir='ltr'>adsumis,</span> <span class='ocrx_word' id='word_1_57' title='bbox 1026 1777 1070 1834; x_wconf 93' lang='lat' dir='ltr'>in-</span> 
     </span>
     <span class='ocr_line' id='line_1_9' title="bbox 71 1860 1071 1943; baseline -0.002 -19"><span class='ocrx_word' id='word_1_58' title='bbox 71 1865 165 1924; x_wconf 86' lang='lat' dir='ltr'>trimis</span> <span class='ocrx_word' id='word_1_59' title='bbox 188 1868 222 1922; x_wconf 90' lang='lat' dir='ltr'>nt</span> <span class='ocrx_word' id='word_1_60' title='bbox 246 1860 389 1940; x_wconf 89' lang='lat' dir='ltr'>quidquid</span> <span class='ocrx_word' id='word_1_61' title='bbox 408 1860 554 1939; x_wconf 84' lang='lat' dir='ltr'>agendum</span> <span class='ocrx_word' id='word_1_62' title='bbox 572 1861 693 1922; x_wconf 90' lang='lat' dir='ltr'>inchoas</span> <span class='ocrx_word' id='word_1_63' title='bbox 711 1861 832 1943; x_wconf 89' lang='lat' dir='ltr'>bonum,</span> <span class='ocrx_word' id='word_1_64' title='bbox 855 1861 891 1923; x_wconf 94' lang='lat' dir='ltr'>ab</span> <span class='ocrx_word' id='word_1_65' title='bbox 914 1880 948 1923; x_wconf 92' lang='lat' dir='ltr'>eo</span> <span class='ocrx_word' id='word_1_66' title='bbox 967 1863 1071 1942; x_wconf 83' lang='lat' dir='ltr'>pertici</span> 
     </span>
     <span class='ocr_line' id='line_1_10' title="bbox 71 1949 1111 2029; baseline 0 -19"><span class='ocrx_word' id='word_1_67' title='bbox 71 1952 276 2014; x_wconf 63' lang='lat' dir='ltr'>,nstantissima</span> <span class='ocrx_word' id='word_1_68' title='bbox 300 1951 431 2010; x_wconf 87' lang='lat' dir='ltr'>oratione</span> <span class='ocrx_word' id='word_1_69' title='bbox 456 1949 607 2029; x_wconf 89' lang='lat' dir='ltr'>deposcas.</span> <span class='ocrx_word' id='word_1_70' title='bbox 1085 1965 1111 2003; x_wconf 88' lang='lat'>10</span> 
     </span>
    </p>

    <p class='ocr_par' dir='ltr' id='par_1_3' title="bbox 71 2037 1112 2476">
     <span class='ocr_line' id='line_1_11' title="bbox 127 2037 1070 2118; baseline -0.002 -18"><span class='ocrx_word' id='word_1_71' title='bbox 127 2039 167 2100; x_wconf 92' lang='lat' dir='ltr'>Ut</span> <span class='ocrx_word' id='word_1_72' title='bbox 190 2041 318 2118; x_wconf 90' lang='lat' dir='ltr'>quinos</span> <span class='ocrx_word' id='word_1_73' title='bbox 342 2040 400 2098; x_wconf 90' lang='lat' dir='ltr'>iam</span> <span class='ocrx_word' id='word_1_74' title='bbox 423 2039 456 2099; x_wconf 93' lang='lat' dir='ltr'>in</span> <span class='ocrx_word' id='word_1_75' title='bbox 479 2037 607 2099; x_wconf 90' lang='lat' dir='ltr'>tiliorum</span> <span class='ocrx_word' id='word_1_76' title='bbox 630 2037 832 2117; x_wconf 81' lang='lat' dir='ltr'>dignatusest</span> <span class='ocrx_word' id='word_1_77' title='bbox 854 2056 978 2099; x_wconf 92' lang='lat' dir='ltr'>numero</span> <span class='ocrx_word' id='word_1_78' title='bbox 1001 2057 1070 2099; x_wconf 91' lang='lat' dir='ltr'>con-</span> 
     </span>
     <span class='ocr_line' id='line_1_12' title="bbox 71 2126 1071 2210; baseline -0.003 -19"><span class='ocrx_word' id='word_1_79' title='bbox 71 2137 177 2210; x_wconf 68' lang='lat' dir='ltr'>sutam,</span> <span class='ocrx_word' id='word_1_80' title='bbox 199 2146 259 2188; x_wconf 88' lang='lat' dir='ltr'>non</span> <span class='ocrx_word' id='word_1_81' title='bbox 279 2126 384 2188; x_wconf 86' lang='lat' dir='ltr'>debeat</span> <span class='ocrx_word' id='word_1_82' title='bbox 402 2126 559 2206; x_wconf 89' lang='lat' dir='ltr'>aliquando</span> <span class='ocrx_word' id='word_1_83' title='bbox 578 2126 719 2188; x_wconf 83' lang='lat' dir='ltr'>domatis</span> <span class='ocrx_word' id='word_1_84' title='bbox 738 2126 853 2188; x_wconf 92' lang='lat' dir='ltr'>actibus</span> <span class='ocrx_word' id='word_1_85' title='bbox 871 2129 982 2188; x_wconf 89' lang='lat' dir='ltr'>nostris</span> <span class='ocrx_word' id='word_1_86' title='bbox 1002 2145 1071 2188; x_wconf 88' lang='lat' dir='ltr'>con·</span> 
     </span>
     <span class='ocr_line' id='line_1_13' title="bbox 71 2211 1071 2298; baseline 0.002 -23"><span class='ocrx_word' id='word_1_87' title='bbox 71 2219 183 2298; x_wconf 87' lang='lat' dir='ltr'>ristari,</span> <span class='ocrx_word' id='word_1_88' title='bbox 206 2219 246 2278; x_wconf 93' lang='lat' dir='ltr'>ita</span> <span class='ocrx_word' id='word_1_89' title='bbox 271 2218 350 2277; x_wconf 87' lang='lat' dir='ltr'>enim</span> <span class='ocrx_word' id='word_1_90' title='bbox 371 2218 399 2277; x_wconf 86' lang='lat' dir='ltr'>ei</span> <span class='ocrx_word' id='word_1_91' title='bbox 418 2218 651 2296; x_wconf 86' lang='lat' dir='ltr'>omnitempore</span> <span class='ocrx_word' id='word_1_92' title='bbox 675 2211 834 2276; x_wconf 84' lang='lat' dir='ltr'>*debonis</span> <span class='ocrx_word' id='word_1_93' title='bbox 854 2218 916 2277; x_wconf 93' lang='lat' dir='ltr'>suis</span> <span class='ocrx_word' id='word_1_94' title='bbox 935 2219 966 2276; x_wconf 92' lang='lat' dir='ltr'>in</span> <span class='ocrx_word' id='word_1_95' title='bbox 985 2215 1071 2278; x_wconf 90' lang='lat' dir='ltr'>nobis</span> 
     </span>
     <span class='ocr_line' id='line_1_14' title="bbox 71 2304 1071 2388; baseline -0.002 -20"><span class='ocrx_word' id='word_1_96' title='bbox 71 2305 224 2368; x_wconf 77' lang='lat' dir='ltr'>terendum</span> <span class='ocrx_word' id='word_1_97' title='bbox 253 2313 311 2388; x_wconf 85' lang='lat' dir='ltr'>est,</span> <span class='ocrx_word' id='word_1_98' title='bbox 338 2318 372 2367; x_wconf 89' lang='lat' dir='ltr'>ut</span> <span class='ocrx_word' id='word_1_99' title='bbox 398 2323 459 2366; x_wconf 94' lang='lat' dir='ltr'>non</span> <span class='ocrx_word' id='word_1_100' title='bbox 487 2305 583 2366; x_wconf 89' lang='lat' dir='ltr'>solum</span> <span class='ocrx_word' id='word_1_101' title='bbox 610 2307 704 2366; x_wconf 87' lang='lat' dir='ltr'>iratus</span> <span class='ocrx_word' id='word_1_102' title='bbox 730 2312 816 2385; x_wconf 88' lang='lat' dir='ltr'>pater</span> <span class='ocrx_word' id='word_1_103' title='bbox 843 2323 912 2366; x_wconf 91' lang='lat' dir='ltr'>suos</span> <span class='ocrx_word' id='word_1_104' title='bbox 936 2323 996 2366; x_wconf 89' lang='lat' dir='ltr'>non</span> <span class='ocrx_word' id='word_1_105' title='bbox 1019 2304 1071 2366; x_wconf 91' lang='lat' dir='ltr'>ali-</span> 
     </span>
     <span class='ocr_line' id='line_1_15' title="bbox 71 2393 1112 2476; baseline -0.001 -20"><span class='ocrx_word' id='word_1_106' title='bbox 71 2395 177 2475; x_wconf 71' lang='lat' dir='ltr'>{uando</span> <span class='ocrx_word' id='word_1_107' title='bbox 205 2393 281 2454; x_wconf 87' lang='lat' dir='ltr'>filios</span> <span class='ocrx_word' id='word_1_108' title='bbox 310 2395 482 2476; x_wconf 79' lang='lat' dir='ltr'>exheredat,</span> <span class='ocrx_word' id='word_1_109' title='bbox 513 2396 564 2456; x_wconf 90' lang='lat' dir='ltr'>sed</span> <span class='ocrx_word' id='word_1_110' title='bbox 591 2413 647 2455; x_wconf 88' lang='lat' dir='ltr'>neo</span> <span class='ocrx_word' id='word_1_111' title='bbox 674 2401 707 2455; x_wconf 90' lang='lat' dir='ltr'>ut</span> <span class='ocrx_word' id='word_1_112' title='bbox 733 2394 910 2456; x_wconf 89' lang='lat' dir='ltr'>metuendus</span> <span class='ocrx_word' id='word_1_113' title='bbox 933 2395 1071 2455; x_wconf 87' lang='lat' dir='ltr'>dominus</span> <span class='ocrx_word' id='word_1_114' title='bbox 1086 2409 1112 2451; x_wconf 80' lang='lat'>15</span> 
     </span>
    </p>
   </div>
   <div class='ocr_carea' id='block_1_3' title="bbox 71 2581 1140 3632">
    <p class='ocr_par' dir='ltr' id='par_1_4' title="bbox 71 2581 1074 3364">
     <span class='ocr_line' id='line_1_16' title="bbox 132 2581 1072 2639; baseline -0.002 -1"><span class='ocrx_word' id='word_1_115' title='bbox 132 2581 281 2639; x_wconf 85' lang='lat' dir='ltr'>Adnotatio</span> <span class='ocrx_word' id='word_1_116' title='bbox 305 2581 410 2638; x_wconf 88' lang='lat' dir='ltr'>critico.</span> <span class='ocrx_word' id='word_1_117' title='bbox 447 2581 520 2638; x_wconf 86' lang='lat' dir='ltr'>Prol.</span> <span class='ocrx_word' id='word_1_118' title='bbox 541 2588 564 2636; x_wconf 90' lang='lat'>1.</span> <span class='ocrx_word' id='word_1_119' title='bbox 582 2581 716 2636; x_wconf 80' lang='lat' dir='ltr'>INCIPIT</span> <span class='ocrx_word' id='word_1_120' title='bbox 738 2582 879 2638; x_wconf 75' lang='lat' dir='ltr'>TEXTUS</span> <span class='ocrx_word' id='word_1_121' title='bbox 901 2581 1072 2638; x_wconf 81' lang='lat' dir='ltr'><strong>REGULAE</strong></span> 
     </span>
     <span class='ocr_line' id='line_1_17' title="bbox 71 2651 1073 2722; baseline 0.004 -18"><span class='ocrx_word' id='word_1_122' title='bbox 71 2655 147 2722; x_wconf 66' lang='lat' dir='ltr'>Psoi.</span> <span class='ocrx_word' id='word_1_123' title='bbox 156 2658 201 2721; x_wconf 69' lang='lat'>2³3</span> <span class='ocrx_word' id='word_1_124' title='bbox 215 2653 349 2708; x_wconf 81' lang='lat' dir='ltr'>INCIPIT</span> <span class='ocrx_word' id='word_1_125' title='bbox 362 2651 510 2706; x_wconf 78' lang='lat' dir='ltr'><strong>REGULA</strong></span> <span class='ocrx_word' id='word_1_126' title='bbox 523 2653 548 2706; x_wconf 87' lang='lat' dir='ltr'><strong>A</strong></span> <span class='ocrx_word' id='word_1_127' title='bbox 563 2652 702 2708; x_wconf 83' lang='lat' dir='ltr'><strong>SANCTO</strong></span> <span class='ocrx_word' id='word_1_128' title='bbox 716 2654 922 2709; x_wconf 82' lang='lat' dir='ltr'>BENEDICTO</span> <span class='ocrx_word' id='word_1_129' title='bbox 936 2654 1073 2708; x_wconf 84' lang='lat' dir='ltr'>AEDITA</span> 
     </span>
     <span class='ocr_line' id='line_1_18' title="bbox 71 2723 1073 2790; baseline 0 -10"><span class='ocrx_word' id='word_1_130' title='bbox 71 2725 166 2780; x_wconf 74' lang='lat' dir='ltr'>turus</span> <span class='ocrx_word' id='word_1_131' title='bbox 193 2724 310 2778; x_wconf 85' lang='lat' dir='ltr'>UITAM</span> <span class='ocrx_word' id='word_1_132' title='bbox 337 2723 458 2790; x_wconf 82' lang='lat' dir='ltr'><strong>ATQUE</strong></span> <span class='ocrx_word' id='word_1_133' title='bbox 485 2723 664 2778; x_wconf 78' lang='lat' dir='ltr'>UInTUTns</span> <span class='ocrx_word' id='word_1_134' title='bbox 687 2725 783 2779; x_wconf 88' lang='lat' dir='ltr'>PAPA</span> <span class='ocrx_word' id='word_1_135' title='bbox 805 2725 1010 2780; x_wconf 79' lang='lat' dir='ltr'>GREGORIUS</span> <span class='ocrx_word' id='word_1_136' title='bbox 1032 2725 1073 2780; x_wconf 87' lang='lat' dir='ltr'>IN</span> 
     </span>
     <span class='ocr_line' id='line_1_19' title="bbox 71 2795 1073 2863; baseline 0.003 -13"><span class='ocrx_word' id='word_1_137' title='bbox 71 2795 177 2850; x_wconf 60' lang='lat' dir='ltr'>tinnis</span> <span class='ocrx_word' id='word_1_138' title='bbox 200 2795 441 2851; x_wconf 81' lang='lat' dir='ltr'>DIALOGORUM</span> <span class='ocrx_word' id='word_1_139' title='bbox 460 2795 676 2850; x_wconf 81' lang='lat' dir='ltr'>DISSCRIPSIT</span> <span class='ocrx_word' id='word_1_140' title='bbox 697 2797 722 2850; x_wconf 85' lang='grc' dir='ltr'><strong><em>Τ</em></strong></span> <span class='ocrx_word' id='word_1_141' title='bbox 740 2797 787 2863; x_wconf 75' lang='lat' dir='ltr'>fot.</span> <span class='ocrx_word' id='word_1_142' title='bbox 802 2795 848 2852; x_wconf 72' lang='lat'>2¹³.</span> <span class='ocrx_word' id='word_1_143' title='bbox 885 2799 923 2850; x_wconf 82' lang='lat' dir='ltr'>In</span> <span class='ocrx_word' id='word_1_144' title='bbox 941 2797 1073 2853; x_wconf 75' lang='lat' dir='ltr'>rodideO</span> 
     </span>
     <span class='ocr_line' id='line_1_20' title="bbox 72 2867 1073 2939; baseline 0.002 -17"><span class='ocrx_word' id='word_1_145' title='bbox 72 2868 158 2922; x_wconf 81' lang='lat' dir='ltr'>dutus</span> <span class='ocrx_word' id='word_1_146' title='bbox 178 2869 302 2934; x_wconf 78' lang='lat' dir='ltr'>euanuit,</span> <span class='ocrx_word' id='word_1_147' title='bbox 324 2868 381 2922; x_wconf 79' lang='lat' dir='ltr'>uisi</span> <span class='ocrx_word' id='word_1_148' title='bbox 404 2868 476 2937; x_wconf 76' lang='lat' dir='ltr'>quod</span> <span class='ocrx_word' id='word_1_149' title='bbox 494 2884 527 2922; x_wconf 77' lang='lat' dir='ltr'>etc</span> <span class='ocrx_word' id='word_1_150' title='bbox 545 2868 641 2923; x_wconf 79' lang='lat' dir='ltr'>litteris</span> <span class='ocrx_word' id='word_1_151' title='bbox 658 2867 754 2921; x_wconf 86' lang='lat' dir='ltr'><strong>PRAE</strong></span> <span class='ocrx_word' id='word_1_152' title='bbox 772 2884 829 2922; x_wconf 80' lang='lat' dir='ltr'>uon</span> <span class='ocrx_word' id='word_1_153' title='bbox 849 2869 1017 2939; x_wconf 68' lang='lat' dir='ltr'>‘protectos’,</span> <span class='ocrx_word' id='word_1_154' title='bbox 1042 2875 1073 2924; x_wconf 83' lang='lat' dir='ltr'>ut</span> 
     </span>
     <span class='ocr_line' id='line_1_21' title="bbox 71 2938 1071 3010; baseline 0.002 -20"><span class='ocrx_word' id='word_1_155' title='bbox 71 2940 142 3009; x_wconf 67' lang='lat' dir='ltr'>tutuo</span> <span class='ocrx_word' id='word_1_156' title='bbox 160 2938 263 3003; x_wconf 79' lang='lat' dir='ltr'>editur,</span> <span class='ocrx_word' id='word_1_157' title='bbox 286 2939 332 2992; x_wconf 88' lang='lat' dir='ltr'>sed</span> <span class='ocrx_word' id='word_1_158' title='bbox 354 2938 523 3008; x_wconf 80' lang='lat' dir='ltr'>‘praefatio&#39;</span> <span class='ocrx_word' id='word_1_159' title='bbox 543 2939 624 2995; x_wconf 66' lang='lat' dir='ltr'>tuitio</span> <span class='ocrx_word' id='word_1_160' title='bbox 642 2941 751 3010; x_wconf 70' lang='lat' dir='ltr'>requiete</span> <span class='ocrx_word' id='word_1_161' title='bbox 768 2946 912 2994; x_wconf 81' lang='lat' dir='ltr'>exaratum</span> <span class='ocrx_word' id='word_1_162' title='bbox 929 2941 1015 3006; x_wconf 77' lang='lat' dir='ltr'>futare</span> <span class='ocrx_word' id='word_1_163' title='bbox 1032 2941 1071 2993; x_wconf 83' lang='lat' dir='ltr'>ci-</span> 
     </span>
     <span class='ocr_line' id='line_1_22' title="bbox 71 3008 1073 3080; baseline 0.001 -16"><span class='ocrx_word' id='word_1_164' title='bbox 71 3012 147 3064; x_wconf 84' lang='lat' dir='ltr'>letwr.</span> <span class='ocrx_word' id='word_1_165' title='bbox 185 3010 224 3062; x_wconf 81' lang='lat' dir='ltr'>Iu</span> <span class='ocrx_word' id='word_1_166' title='bbox 242 3008 264 3062; x_wconf 80' lang='lat' dir='ltr'><strong><em>S</em></strong></span> <span class='ocrx_word' id='word_1_167' title='bbox 281 3009 376 3063; x_wconf 79' lang='lat' dir='ltr'>nuilus</span> <span class='ocrx_word' id='word_1_168' title='bbox 394 3011 504 3064; x_wconf 82' lang='lat' dir='ltr'>omniuo</span> <span class='ocrx_word' id='word_1_169' title='bbox 522 3011 619 3064; x_wconf 77' lang='lat' dir='ltr'>titulus</span> <span class='ocrx_word' id='word_1_170' title='bbox 637 3013 754 3080; x_wconf 63' lang='lat' dir='ltr'>amabitis</span> <span class='ocrx_word' id='word_1_171' title='bbox 771 3017 809 3065; x_wconf 83' lang='lat' dir='ltr'>cst</span> <span class='ocrx_word' id='word_1_172' title='bbox 827 3017 851 3065; x_wconf 87' lang='lat' dir='ltr'>et</span> <span class='ocrx_word' id='word_1_173' title='bbox 865 3011 996 3080; x_wconf 65' lang='lat' dir='ltr'>proleque</span> <span class='ocrx_word' id='word_1_174' title='bbox 1010 3017 1073 3079; x_wconf 80' lang='lat' dir='ltr'>post</span> 
     </span>
     <span class='ocr_line' id='line_1_23' title="bbox 71 3080 1074 3152; baseline 0.001 -18"><span class='ocrx_word' id='word_1_175' title='bbox 71 3081 244 3150; x_wconf 80' lang='lat' dir='ltr'>rapitulorum</span> <span class='ocrx_word' id='word_1_176' title='bbox 263 3080 380 3134; x_wconf 77' lang='lat' dir='ltr'>iudicem</span> <span class='ocrx_word' id='word_1_177' title='bbox 394 3083 508 3149; x_wconf 77' lang='lat' dir='ltr'>pontius.</span> <span class='ocrx_word' id='word_1_178' title='bbox 528 3113 563 3121; x_wconf 84' lang='lat'><em>-</em></span> <span class='ocrx_word' id='word_1_179' title='bbox 584 3082 663 3152; x_wconf 56' lang='lat' dir='ltr'>arey.</span> <span class='ocrx_word' id='word_1_180' title='bbox 679 3083 777 3152; x_wconf 68' lang='lat' dir='ltr'>Mauo.</span> <span class='ocrx_word' id='word_1_181' title='bbox 792 3082 825 3135; x_wconf 83' lang='lat' dir='ltr'>dc</span> <span class='ocrx_word' id='word_1_182' title='bbox 838 3082 896 3136; x_wconf 78' lang='lat' dir='ltr'>otta</span> <span class='ocrx_word' id='word_1_183' title='bbox 910 3082 1011 3136; x_wconf 80' lang='lat' dir='ltr'>Bencd.</span> <span class='ocrx_word' id='word_1_184' title='bbox 1023 3085 1074 3135; x_wconf 82' lang='lat'>36.-</span> 
     </span>
     <span class='ocr_line' id='line_1_24' title="bbox 71 3149 1072 3222; baseline 0.001 -18"><span class='ocrx_word' id='word_1_185' title='bbox 71 3151 182 3221; x_wconf 75' lang='lat' dir='ltr'>rcripsit</span> <span class='ocrx_word' id='word_1_186' title='bbox 192 3149 430 3204; x_wconf 84' lang='lat' dir='ltr'>monachorum</span> <span class='ocrx_word' id='word_1_187' title='bbox 442 3151 578 3222; x_wconf 81' lang='lat' dir='ltr'>regulam.</span> <span class='ocrx_word' id='word_1_188' title='bbox 608 3152 705 3206; x_wconf 81' lang='lat' dir='ltr'>Obron.</span> <span class='ocrx_word' id='word_1_189' title='bbox 720 3153 811 3206; x_wconf 79' lang='lat' dir='ltr'>Oasin.</span> <span class='ocrx_word' id='word_1_190' title='bbox 822 3156 860 3206; x_wconf 83' lang='lat'>20</span> <span class='ocrx_word' id='word_1_191' title='bbox 874 3151 983 3220; x_wconf 78' lang='lat' dir='ltr'>(Seript.</span> <span class='ocrx_word' id='word_1_192' title='bbox 994 3151 1072 3205; x_wconf 80' lang='lat' dir='ltr'>Lan·</span> 
     </span>
     <span class='ocr_line' id='line_1_25' title="bbox 71 3221 1073 3294; baseline -0.003 -16"><span class='ocrx_word' id='word_1_193' title='bbox 71 3225 119 3287; x_wconf 73' lang='lat' dir='ltr'>tob.</span> <span class='ocrx_word' id='word_1_194' title='bbox 140 3224 179 3277; x_wconf 82' lang='lat' dir='ltr'>ed.</span> <span class='ocrx_word' id='word_1_195' title='bbox 195 3223 293 3278; x_wconf 73' lang='lat' dir='ltr'>Wattz.</span> <span class='ocrx_word' id='word_1_196' title='bbox 309 3225 392 3276; x_wconf 82' lang='grc'><strong><em>1878.</em></strong></span> <span class='ocrx_word' id='word_1_197' title='bbox 408 3239 455 3294; x_wconf 68' lang='lat'>1³9·</span> <span class='ocrx_word' id='word_1_198' title='bbox 465 3227 533 3292; x_wconf 79' lang='lat'><em>478)</em></span> <span class='ocrx_word' id='word_1_199' title='bbox 552 3222 729 3292; x_wconf 78' lang='lat' dir='ltr'>Benedictus,</span> <span class='ocrx_word' id='word_1_200' title='bbox 748 3221 797 3290; x_wconf 87' lang='lat' dir='ltr'>qui</span> <span class='ocrx_word' id='word_1_201' title='bbox 814 3223 1013 3276; x_wconf 83' lang='lat' dir='ltr'>monachorum</span> <span class='ocrx_word' id='word_1_202' title='bbox 1031 3239 1073 3276; x_wconf 89' lang='lat' dir='ltr'>re-</span> 
     </span>
     <span class='ocr_line' id='line_1_26' title="bbox 71 3293 308 3364; baseline -0.004 -16"><span class='ocrx_word' id='word_1_203' title='bbox 71 3295 159 3364; x_wconf 68' lang='lat' dir='ltr'>gulam</span> <span class='ocrx_word' id='word_1_204' title='bbox 177 3293 308 3348; x_wconf 80' lang='lat' dir='ltr'>instituit.</span> 
     </span>
    </p>

    <p class='ocr_par' dir='ltr' id='par_1_5' title="bbox 71 3363 1140 3632">
     <span class='ocr_line' id='line_1_27' title="bbox 135 3363 1072 3433; baseline 0.001 -15"><span class='ocrx_word' id='word_1_205' title='bbox 135 3371 150 3418; x_wconf 75' lang='grc'>2</span> <span class='ocrx_word' id='word_1_206' title='bbox 170 3367 271 3420; x_wconf 81' lang='lat' dir='ltr'>Psalm.</span> <span class='ocrx_word' id='word_1_207' title='bbox 282 3369 370 3432; x_wconf 79' lang='lat'><strong><em>44,11</em></strong></span> <span class='ocrx_word' id='word_1_208' title='bbox 392 3364 466 3433; x_wconf 84' lang='lat' dir='ltr'>audi,</span> <span class='ocrx_word' id='word_1_209' title='bbox 484 3363 552 3433; x_wconf 85' lang='lat' dir='ltr'>filia,</span> <span class='ocrx_word' id='word_1_210' title='bbox 571 3366 600 3418; x_wconf 86' lang='lat' dir='ltr'>et</span> <span class='ocrx_word' id='word_1_211' title='bbox 617 3363 723 3417; x_wconf 87' lang='lat' dir='ltr'>inclina</span> <span class='ocrx_word' id='word_1_212' title='bbox 738 3379 833 3417; x_wconf 86' lang='lat' dir='ltr'>aurem</span> <span class='ocrx_word' id='word_1_213' title='bbox 846 3365 937 3432; x_wconf 77' lang='lat' dir='ltr'>tuam3</span> <span class='ocrx_word' id='word_1_214' title='bbox 956 3364 1072 3419; x_wconf 77' lang='lat' dir='ltr'>Hieron.</span> 
     </span>
     <span class='ocr_line' id='line_1_28' title="bbox 71 3434 1074 3506; baseline -0.001 -16"><span class='ocrx_word' id='word_1_215' title='bbox 71 3438 138 3506; x_wconf 68' lang='lat' dir='ltr'>²pest</span> <span class='ocrx_word' id='word_1_216' title='bbox 149 3441 222 3504; x_wconf 77' lang='lat'>22,1</span> <span class='ocrx_word' id='word_1_217' title='bbox 291 3443 306 3491; x_wconf 84' lang='lat'>6</span> <span class='ocrx_word' id='word_1_218' title='bbox 327 3435 463 3506; x_wconf 85' lang='lat' dir='ltr'>diregitur</span> <span class='ocrx_word' id='word_1_219' title='bbox 481 3437 504 3490; x_wconf 86' lang='lat' dir='ltr'><strong><em>S</em></strong></span> <span class='ocrx_word' id='word_1_220' title='bbox 537 3435 674 3505; x_wconf 82' lang='lat' dir='ltr'>dirigetur</span> <span class='ocrx_word' id='word_1_221' title='bbox 694 3435 716 3489; x_wconf 89' lang='lat'><em>0</em></span> <span class='ocrx_word' id='word_1_222' title='bbox 752 3434 883 3504; x_wconf 71' lang='lat' dir='ltr'>dirigimr</span> <span class='ocrx_word' id='word_1_223' title='bbox 903 3436 928 3488; x_wconf 87' lang='lat' dir='ltr'><em>T</em></span> <span class='ocrx_word' id='word_1_224' title='bbox 993 3441 1009 3490; x_wconf 91' lang='lat'>8</span> <span class='ocrx_word' id='word_1_225' title='bbox 1029 3454 1074 3489; x_wconf 87' lang='lat' dir='ltr'>su-</span> 
     </span>
     <span class='ocr_line' id='line_1_29' title="bbox 71 3506 1140 3582; baseline 0 -22"><span class='ocrx_word' id='word_1_226' title='bbox 71 3507 116 3561; x_wconf 88' lang='lat' dir='ltr'>nis</span> <span class='ocrx_word' id='word_1_227' title='bbox 138 3509 163 3560; x_wconf 88' lang='grc' dir='ltr'><em>Τ</em></span> <span class='ocrx_word' id='word_1_228' title='bbox 251 3515 284 3562; x_wconf 75' lang='lat'>12</span> <span class='ocrx_word' id='word_1_229' title='bbox 308 3508 411 3562; x_wconf 85' lang='lat' dir='ltr'>debeat</span> <span class='ocrx_word' id='word_1_230' title='bbox 436 3507 498 3562; x_wconf 86' lang='grc' dir='ltr'>ΘΗ</span> <span class='ocrx_word' id='word_1_231' title='bbox 535 3507 619 3562; x_wconf 88' lang='lat' dir='ltr'>debet</span> <span class='ocrx_word' id='word_1_232' title='bbox 638 3506 705 3562; x_wconf 70' lang='lat' dir='ltr'>ST:</span> <span class='ocrx_word' id='word_1_233' title='bbox 731 3508 766 3575; x_wconf 83' lang='lat' dir='ltr'>cf.</span> <span class='ocrx_word' id='word_1_234' title='bbox 781 3511 840 3574; x_wconf 83' lang='lat'>2,9</span> <span class='ocrx_word' id='word_1_235' title='bbox 931 3513 963 3561; x_wconf 92' lang='lat'>13</span> <span class='ocrx_word' id='word_1_236' title='bbox 988 3507 1073 3579; x_wconf 88' lang='lat' dir='ltr'>enim]</span> <span class='ocrx_word' id='word_1_237' title='bbox 1138 3575 1140 3582; x_wconf 19' lang='lat' dir='ltr'><em>A</em></span> 
     </span>
     <span class='ocr_line' id='line_1_30' title="bbox 71 3579 317 3632; baseline 0 0"><span class='ocrx_word' id='word_1_238' title='bbox 71 3579 167 3632; x_wconf 72' lang='lat' dir='ltr'>etiam?</span> <span class='ocrx_word' id='word_1_239' title='bbox 315 3614 317 3621; x_wconf 68' lang='lat'><em>,</em></span> 
     </span>
    </p>
   </div>
   <div class='ocr_carea' id='block_1_4' title="bbox 117 3667 979 3730">
    <p class='ocr_par' dir='ltr' id='par_1_6' title="bbox 117 3667 979 3730">
     <span class='ocr_line' id='line_1_31' title="bbox 117 3667 979 3730; baseline 0.008 -15"><span class='ocrx_word' id='word_1_240' title='bbox 117 3677 239 3718; x_wconf 85' lang='lat' dir='ltr'>Benedicti</span> <span class='ocrx_word' id='word_1_241' title='bbox 252 3679 347 3730; x_wconf 71' lang='lat' dir='ltr'>Regula.</span> <span class='ocrx_word' id='word_1_242' title='bbox 900 3675 913 3723; x_wconf 95' lang='grc'>1</span> <span class='ocrx_word' id='word_1_243' title='bbox 974 3667 979 3676; x_wconf 56' lang='grc'><strong><em>’</em></strong></span> 
     </span>
    </p>
   </div>
   <div class='ocr_carea' id='block_1_5' title="bbox 0 0 1378 4108">
    <p class='ocr_par' dir='ltr' id='par_1_7' title="bbox 0 0 1378 4108">
     <span class='ocr_line' id='line_1_32' title="bbox 0 0 1378 4108; baseline 0 0"><span class='ocrx_word' id='word_1_244' title='bbox 0 0 1378 4108; x_wconf 95' lang='lat' dir='ltr'> </span> 
     </span>
    </p>
   </div>
  </div>
 </body>
</html>
