2746 4108
223 199 266 264 32
597 203 672 258 CAP.
687 202 759 257 XXI.
778 203 862 258 ΧΧΠ.

224 351 335 428 gratiae
358 350 566 432 protendatur3
594 354 626 412 in
649 359 795 413 conventu
818 359 926 412 tamen,
940 355 1060 414 omnino
1083 353 1238 416 brevietur

185 451 210 490 10
226 441 329 520 oratio,
352 446 382 499 et
404 439 481 500 iacto
506 442 590 518 signo
614 459 629 501 a
653 443 752 520 priore
777 459 879 501 omnes
903 444 1015 520 pariter
1038 451 1169 521 surgant.

401 629 488 683 XXI.
515 629 577 683 DE
592 628 774 684 DEOANIS
791 629 1056 686 MONASTERII.

291 742 322 802 Si
340 745 435 803 maior
453 742 543 803 luerit
561 745 758 822 congregatio,
777 743 930 821 elegantur
948 745 984 805 de
1004 747 1078 824 ipsis
1092 745 1236 808 iratribus

223 831 294 891 boni
321 833 485 892 testimonii
512 839 541 891 et
565 839 683 891 sanctae
707 834 938 893 conversationis
963 841 993 894 et
1016 837 1237 897 constituantur

225 920 338 1001 decani,
362 923 413 999 qui
437 919 666 980 sollicitudinem
689 927 793 998 gerant
817 939 906 999 super
930 921 1066 983 decanias
1090 925 1122 984 in
1141 927 1236 984 omni-

197 1008 280 1069 rous
305 1008 469 1070 secundum
492 1008 628 1069 mandata
646 1009 700 1069 liei
723 1015 753 1068 et
775 1017 931 1088 praecepta
950 1009 1064 1071 abbatis
1084 1015 1138 1072 sui.
1176 1012 1235 1084 Qui

224 1096 328 1158 decani
359 1096 432 1157 tales
463 1096 616 1176 elegantur
642 1100 674 1157 in
703 1097 811 1176 quibus
840 1116 963 1158 securus
992 1098 1081 1160 abbas
1108 1097 1235 1180 *partiat

224 1203 315 1246 onera
342 1203 407 1266 sua,
435 1193 465 1246 et
492 1205 552 1247 non
580 1186 732 1264 elegantur
759 1186 971 1266 perordinem
995 1188 1047 1247 sed
1071 1189 1235 1250 secundum

223 1276 299 1334 vitae
322 1276 462 1338 meritum
486 1283 516 1335 et
539 1277 700 1354 sapientiae
724 1275 896 1336 doctrinam.
934 1275 1051 1356 Quique
1070 1277 1184 1358 decani,
1208 1281 1235 1339 si

224 1381 259 1422 ex
288 1365 332 1422 eis
360 1362 457 1442 aliqua
485 1364 560 1424 iorte
590 1366 656 1442 quis
679 1363 799 1424 inflatus
823 1363 962 1442 superbia
985 1373 1121 1444 repertus
1144 1367 1236 1428 fuerit

184 1464 209 1502 10
223 1451 477 1533 reprehensibilia,
501 1460 653 1513 correctus
677 1452 769 1512 semel
792 1455 953 1514 etiterum
976 1461 1063 1533 atque
1082 1451 1188 1516 *tertio
1208 1459 1235 1516 si

223 1540 380 1601 emendare
412 1541 554 1621 noluerit,
587 1541 745 1622 deiciatur,
779 1549 808 1602 et
836 1541 910 1602 alter
938 1545 969 1602 in
996 1542 1061 1604 loco
1089 1546 1152 1604 eius
1182 1547 1236 1624 qui

223 1628 330 1707 dignus
350 1637 395 1690 est
413 1629 560 1690 succedat.
593 1629 631 1690 Et
649 1630 685 1690 de
704 1633 872 1710 praeposito
893 1631 996 1692 eadem
1015 1634 1232 1694 constituimus.

335 1801 437 1854 XXII.
468 1800 662 1870 QUOMODO
680 1800 904 1857 DORMIANT
921 1802 1119 1858 MONAOHI.

289 1913 404 1992 Singuli
430 1932 485 1993 per
513 1913 627 1992 singula
655 1913 730 1974 lecta
756 1914 911 1974 dormiant.
958 1915 1154 1978 Lectisternia
1176 1936 1229 1996 pro

222 2001 309 2062 modo
328 1999 578 2064 *conversationis
597 2003 761 2064 secundum
779 2003 1031 2082 dispensationem
1049 2005 1164 2066 abbatis
1184 2009 1230 2066 sui

223 2093 376 2169 accipiant.
422 2091 454 2151 Si
481 2098 580 2171 potest
606 2092 685 2172 fieri,
713 2110 816 2152 omnes
844 2094 957 2152 inuno
981 2092 1046 2153 loco
1071 2094 1231 2176 dormiant3

195 2181 250 2238 ⁵si
272 2186 370 2240 autem
393 2179 551 2240 multitudo
574 2197 634 2240 non
658 2182 744 2262 sinet,
767 2181 836 2240 deni
859 2188 910 2241 aut
932 2183 1028 2242 viceni
1048 2201 1116 2243 cum
1135 2187 1232 2244 senio·

222 2266 305 2327 ribus
324 2270 376 2346 qui
394 2287 485 2348 super
504 2287 554 2329 eos
574 2268 694 2329 solliciti
714 2271 782 2350 sint,
800 2265 952 2348 *pausent
981 2270 1108 2332 Candela
1122 2274 1232 2350 iugiter

222 2357 254 2414 in
281 2355 384 2416 eadem
412 2357 485 2417 cella
513 2357 614 2418 ardeat
639 2376 735 2437 usque
763 2377 857 2418 mane.
903 2358 1009 2419 Vestiti
1031 2360 1178 2420 dormiant
1201 2368 1232 2421 et

223 2446 313 2504 cincti
344 2445 470 2524 cingulis
503 2453 554 2506 aut
584 2446 720 2528 funibus,
751 2455 785 2508 ut
816 2447 951 2508 cultellos
984 2467 1053 2508 suos
1085 2449 1121 2508 ad
1153 2448 1231 2510 latus

223 2551 310 2592 suum
332 2552 392 2593 non
414 2533 553 2615 habeant,
579 2535 650 2596 dum
673 2536 832 2617 dormiunt,
855 2554 892 2596 ne
916 2536 992 2596 forte
1015 2556 1070 2616 per
1093 2555 1231 2598 somnum

183 2621 357 2682 10vulneret
384 2623 593 2704 dormientem,
621 2632 650 2685 et
677 2632 711 2684 ut
737 2627 831 2704 parati
860 2627 920 2685 sint
944 2626 1082 2686 monachi
1105 2645 1233 2710 semper,

295 2779 311 2826 9
330 2773 452 2827 breviter
470 2778 563 2829 oretur
581 2775 603 2830 S

293 2843 355 2900 XXI
375 2851 388 2898 1
409 2843 538 2909 QUALIS
556 2846 702 2900 DEBEAT
719 2847 805 2901 ESSE
824 2849 888 2903 adu.
910 2849 935 2902 T
988 2856 1003 2903 2
1023 2849 1192 2920 eliganturt

222 2915 357 2969 fratribus
379 2915 466 2971 OSH
497 2917 584 2971 fisT
657 2918 753 2990 4qui]
773 2922 802 2973 et
822 2921 848 2973 Τ
917 2937 981 2974 suas
1001 2923 1075 2992 (post
1092 2921 1235 2992 decanias)

223 2988 287 3042 odd.
314 2987 377 3041 ΤΗ
463 2988 637 3058 opertiatur
658 2989 694 3042 H
729 2991 886 3059 parceaiS
974 2999 1007 3046 10
1027 2996 1165 3047 correctus
1187 2993 1238 3049 OS

223 3061 365 3128 correptus
387 3058 422 3113 0¹
441 3077 525 3130 marg.
548 3059 620 3113 TH:
643 3062 677 3127 cf.
697 3078 737 3130 cp.
751 3065 790 3116 28
881 3069 913 3116 12
933 3064 1066 3118 succedat
1086 3065 1135 3120 OS
1170 3065 1236 3118 sub-

224 3132 339 3200 rogetur
359 3131 422 3184 ΤΗ
489 3130 632 3202 proposito
653 3133 678 3185 T

294 3201 369 3258 XXII
388 3208 403 3256 2
422 3201 528 3257 lectula
552 3202 575 3257 O
602 3209 759 3272 corruptum
781 3221 814 3258 eac
837 3203 948 3275 singula
1037 3213 1053 3259 3
1075 3205 1237 3276 dispositio-

222 3288 287 3326 nem
304 3274 336 3328 Ε
406 3273 450 3326 sui
468 3291 517 3329 om.
537 3274 606 3328 sta
623 3276 678 3342 fiac
692 3277 814 3345 popinae
885 3276 945 3330 osi
966 3276 1052 3332 OSH
1085 3277 1174 3331 sinT

223 3343 297 3397 sinet
317 3344 366 3400 OS
401 3345 469 3398 sinit
489 3346 552 3399 ΤΗ
626 3349 783 3416 opausant
800 3347 831 3400 E
906 3347 1114 3418 ScingellisO
1190 3351 1235 3420 ui]

223 3417 252 3467 et
272 3415 298 3467 T
314 3432 380 3470 corr.
454 3423 570 3470 aeuum
588 3417 641 3472 ST
675 3433 770 3472 eorum
790 3418 812 3472 O
830 3436 880 3474 om.
900 3420 931 3472 Ε
1001 3419 1142 3474 dormiant
1161 3421 1187 3474 T

223 3485 403 3541 somniumO
458 3493 491 3541 10
509 3488 636 3542 vulneret
654 3490 720 3559 (scil.
741 3489 853 3560 aliquis)
875 3490 925 3545 OS
954 3489 1100 3545 vulnerent
1120 3493 1146 3545 T
1175 3491 1238 3544 vul-

222 3558 354 3609 nerentur
373 3557 526 3613 domientes
546 3560 614 3614 ΕΗ
