2746 4108
264 209 290 261 X
661 209 872 263 PRAEFATIO.

265 357 407 438 Regulae,
435 376 523 437 quam
550 359 699 436 praelatus
727 365 811 437 pater
838 365 1055 438 composuerat,
1078 356 1276 419 deserentes.“

266 446 373 508 Chron.
397 445 492 507 Casio.
511 444 564 528 20,
577 465 624 526 pg.
643 445 718 526 479,
733 445 774 506 21
789 446 834 506 W.
854 445 936 508 Pauli
949 447 1017 507 hist.
1032 445 1160 525 Langob.
1173 443 1204 528 4,
1221 445 1274 509 17.

266 535 391 595 Centum
418 535 543 615 amplius
571 538 656 596 annis
678 543 758 615 post,
787 553 854 595 cum
877 537 1088 596 monasterium
1111 535 1275 597 Casineuse

267 631 496 704 restauraretur,
529 623 683 684 Zacharias
714 624 847 703 pontifex
879 624 1034 685 Petronaoi
1062 624 1160 684 abbati
1189 623 1276 686 illum

267 712 400 774 codicem
417 715 568 793 permisit,
587 713 665 791 quod
683 712 806 772 tradidit
819 712 926 773 Paulus
940 711 1087 774 Diaconus
1100 713 1168 774 hist.
1182 712 1274 793 Laug.

266 799 295 881 6,
309 798 366 862 40:
389 800 545 862 Petronaoi
568 800 692 862 contulit
714 800 854 882 regulam,
878 820 966 880 quam
988 801 1092 862 beatus
1115 809 1199 881 pater
1216 801 1274 863 Be·

266 889 402 950 nedictus
426 892 489 950 suis
513 892 622 950 sanctis
645 889 781 950 manibus
804 892 988 970 conscripsit.
1035 890 1093 950 Sed
1112 909 1176 952 eam
1195 909 1274 951 anno
1329 899 1330 910 ¹

265 975 329 1040 896
363 996 431 1039 cum
464 981 643 1038 monasterio
675 978 812 1039 incendio
849 981 1009 1039 extinctam
1045 997 1110 1040 esse
1147 987 1276 1040 testatur

265 1065 335 1147 Leo,
358 1065 436 1126 lib.I
459 1085 520 1146 cap.
539 1065 591 1128 48.
628 1067 819 1146 Aliquateuus
842 1074 941 1128 tamen
964 1066 1094 1129 Fortuna
1116 1068 1172 1129 hoc
1191 1067 1275 1128 dam·

265 1173 337 1215 uum
364 1157 533 1235 resarcivit,
561 1157 630 1234 quia
658 1163 743 1216 autea
766 1155 889 1217 Carolus
911 1156 1033 1234 Magnus
1062 1157 1193 1218 codicem
1221 1157 1274 1218 de-

267 1242 359 1303 scribi
377 1245 512 1304 iusserat.
546 1243 588 1304 Cf.
607 1243 686 1305 Paul.
705 1244 783 1305 Diac.
804 1247 888 1324 epist.
910 1243 946 1306 1:
970 1241 1020 1306 ‘en
1038 1245 1120 1306 vobis
1139 1245 1273 1324 regulam

266 1330 347 1391 beati
370 1331 466 1392 Patris
489 1332 524 1392 de
546 1335 611 1411 ipso
630 1333 731 1394 codice
751 1352 839 1412 quem
858 1333 907 1394 ille
927 1336 1037 1394 sanctis
1056 1336 1118 1394 suis
1136 1334 1275 1395 manibus

269 1422 407 1500 exaravit,
430 1423 655 1500 transscriptam
678 1417 863 1482 direximus?
898 1422 939 1482 Ac
962 1425 1058 1482 nostri
1081 1423 1200 1500 quidem
1224 1442 1274 1484 co-

265 1507 362 1588 dices,
385 1509 421 1569 de
446 1509 553 1588 quibus
577 1528 666 1589 supra
689 1511 801 1571 dictum
824 1518 883 1590 est,
906 1510 1052 1589 quomodo
1076 1529 1111 1570 ex
1134 1511 1181 1571 his
1203 1530 1273 1590 pro-

265 1600 363 1675 pagati
387 1599 456 1678 sint,
479 1598 582 1659 inutile
602 1606 648 1659 est
666 1599 827 1680 disserere3
850 1600 942 1660 luisse
962 1599 1129 1678 complures
1147 1607 1177 1659 et
1196 1603 1273 1679 opti·
1330 1603 1331 1626 ³

263 1703 328 1745 mos
357 1693 387 1746 et
414 1689 649 1767 antiquissimoS,
676 1688 755 1748 unde
779 1689 921 1768 descripti
946 1706 1012 1749 esse
1034 1696 1172 1768 possunt,
1201 1691 1273 1750 satis

265 1773 483 1835 demonstrasse
507 1775 592 1836 nobis
615 1776 758 1837 videmur.

331 1862 532 1942 Capitulorum
555 1867 765 1944 inscriptiones
788 1884 848 1926 nou
871 1865 907 1926 ab
930 1868 995 1946 ipso
1017 1865 1194 1946 Benedictc,
1218 1867 1271 1927 sed

264 1958 367 2031 postea
394 1951 507 2013 additas
535 1971 600 2014 esse
628 1953 737 2014 multae
766 1972 814 2014 res
848 1953 1024 2015 documento
1055 1963 1130 2014 sunt.
1176 1954 1272 2015 Verba

265 2042 345 2099 enim
367 2043 478 2119 passim
506 2042 647 2102 differunt
674 2061 690 2102 a
717 2041 816 2102 verbis
839 2042 1006 2124 Benedicti,
1029 2042 1119 2103 veluti
1146 2062 1207 2122 cap.
1229 2040 1273 2105 14

264 2130 440 2208 inscriptum
465 2138 510 2191 est
533 2126 585 2190 ‘de
608 2131 754 2191 nataliciis
779 2127 979 2211 Sanctorum',
1002 2150 1070 2192 cum
1093 2131 1272 2192 Benedictus
1330 2151 1332 2210 ζ

263 2216 387 2277 dixisset
406 2213 454 2278 ‘de
473 2215 705 2300 festivitatibus,
729 2220 764 2280 cf.
783 2219 825 2282 28
841 2222 959 2298 saepius
974 2213 1059 2302 (ben.
1074 2215 1261 2304 frequenter)
1330 2217 1332 2268 l

1261 2269 1271 2302 7
1331 2273 1332 2308 l

263 2302 305 2366 66
330 2305 366 2366 de
395 2309 522 2367 ostiariis
551 2301 635 2390 (Ben.
658 2301 835 2392 portarius),
863 2306 905 2370 37
930 2308 966 2368 de
994 2308 1116 2370 senibus
1144 2309 1198 2368 vel
1225 2312 1272 2370 in-

262 2393 392 2455 fantibus
416 2388 453 2478 (s.
482 2402 512 2455 et
538 2391 619 2480 int),
646 2395 690 2458 54
713 2399 864 2476 suscipere
893 2390 999 2479 (54‚5
1023 2391 1138 2480 accip),
1161 2395 1205 2460 55
1232 2398 1270 2459 de

263 2485 410 2543 vestiariis
433 2483 488 2544 vel
508 2484 663 2546 calciariis
699 2485 807 2546 Parum
830 2485 948 2546 adrem
967 2493 1067 2564 aptum
1086 2494 1131 2546 est
1149 2505 1210 2566 cap.
1227 2484 1270 2548 19

264 2570 300 2630 de
328 2572 484 2651 disciplina
512 2573 670 2654 psallendi,
698 2574 803 2634 falsum
826 2593 888 2654 cap.
907 2572 950 2636 23
975 2574 1011 2634 de
1035 2578 1272 2636 excommunica-

186 2677 187 2680 *
261 2661 342 2720 tione
375 2660 541 2742 culparum,
573 2665 624 2741 qui
655 2681 715 2722 non
748 2663 850 2742 culpae
878 2664 1184 2744 excommunicantur,
1216 2665 1270 2725 sed

262 2748 369 2809 fratres
396 2751 488 2828 impii.
526 2750 609 2821 Quod
638 2753 781 2830 scriptum
809 2758 855 2811 est
881 2753 966 2812 initio
994 2769 1056 2830 cap.
1080 2749 1131 2813 69.
1157 2751 1206 2814 70.
1227 2751 1268 2815 71

262 2829 392 2919 (utnon
414 2847 583 2917 praesumat
611 2873 653 2881 -
681 2847 715 2899 ut
742 2838 933 2900 oboedientes
957 2839 1015 2900 sibi
1042 2833 1116 2924 sint)
1145 2841 1272 2902 dissidet
1331 2845 1332 2910 l

262 2943 329 2984 cum
353 2926 596 3005 inscriptionibus
620 2935 786 2988 ceterorum
814 2930 951 3007 capitum.
997 2928 1129 3008 Denique
1157 2931 1272 3008 capitu·
1331 2937 1332 2944 ’

262 3012 358 3074 lorum
376 3023 562 3097 conspectus,
582 3019 633 3096 qui
652 3019 683 3076 in
701 3015 851 3096 plerisque
871 3017 1023 3079 codicibus
1042 3025 1071 3078 et
1090 3017 1271 3079 editionibus

262 3105 341 3162 inter
363 3103 575 3182 praefationem
598 3108 752 3184 ipsamque
775 3105 906 3184 regulam
930 3109 1060 3168 insertus
1082 3114 1136 3186 est,
1159 3109 1190 3166 in
1209 3125 1271 3167 uno
1331 3167 1332 3176 ,

262 3191 363 3252 codice
387 3191 570 3271 Sangallensi
592 3201 659 3254 ante
682 3194 837 3274 prologum
860 3199 989 3276 scriptus
1013 3203 1066 3255 est.

328 3281 412 3352 Quod
449 3281 485 3342 ad
516 3281 644 3363 Regulae
682 3284 917 3345 emendationem
951 3287 1067 3362 attinet,
1104 3286 1269 3346 sententiae

260 3387 328 3428 raro
359 3378 513 3451 corruptae
545 3380 613 3434 sunt
643 3365 694 3456 (cf.
718 3370 922 3454 cap.7,113,
951 3371 1003 3432 ubi
1033 3370 1270 3434 emendationem

1330 3181 1332 3250 l

263 3460 459 3538 suppeditavit
487 3459 657 3542 Cassianus,
690 3480 751 3540 cap.
770 3459 860 3541 57,1
891 3478 978 3539 quem
1009 3459 1107 3519 locum
1135 3479 1171 3520 ex
1199 3480 1269 3522 oon·
1331 3477 1332 3490 *

262 3549 374 3609 iectura
397 3567 516 3610 sanasse
539 3551 612 3610 mibi
635 3549 750 3630 videor3
773 3546 859 3629 61,9
883 3548 934 3609 ubi
956 3567 1009 3629 pro
1034 3543 1187 3609 ‘ostendit'
1207 3569 1269 3612 ma-

1328 3745 1332 3964 1

1327 3967 1332 4057 1
